<?xml version="1.0" encoding="UTF-8"?>
<!DOCTYPE html PUBLIC "-//W3C//DTD XHTML 1.0 Transitional//EN"
    "http://www.w3.org/TR/xhtml1/DTD/xhtml1-transitional.dtd">
<html xmlns="http://www.w3.org/1999/xhtml" xml:lang="en" lang="en">
 <head>
  <title>
</title>
<meta http-equiv="Content-Type" content="text/html;charset=utf-8" />
  <meta name='ocr-system' content='tesseract 3.04.00' />
  <meta name='ocr-capabilities' content='ocr_page ocr_carea ocr_par ocr_line ocrx_word'/>
</head>
<body>
  <div class='ocr_page' id='page_1' title='image "./s2operaomniarece10platuoft_0507.png"; bbox 0 0 1644 2886; ppageno 0'>
   <div class='ocr_carea' id='block_1_1' title="bbox 71 68 1434 649">
    <p class='ocr_par' dir='ltr' id='par_1_1' title="bbox 71 68 1434 649">
     <span class='ocr_line' id='line_1_1' title="bbox 265 68 1433 117; baseline -0.005 -1"><span class='ocrx_word' id='word_1_1' title='bbox 265 75 348 117; x_wconf 79' lang='lat' dir='ltr'><strong>DE</strong></span> <span class='ocrx_word' id='word_1_2' title='bbox 383 72 660 117; x_wconf 77' lang='lat' dir='ltr'><strong>LEGIBUS</strong></span> <span class='ocrx_word' id='word_1_3' title='bbox 693 72 810 114; x_wconf 82' lang='lat' dir='ltr'><strong>LIB.</strong></span> <span class='ocrx_word' id='word_1_4' title='bbox 843 68 947 112; x_wconf 86' lang='lat' dir='ltr'><strong>VII.</strong></span> <span class='ocrx_word' id='word_1_5' title='bbox 984 70 1030 110; x_wconf 83' lang='grc' dir='ltr'><strong>Ρ.</strong></span> <span class='ocrx_word' id='word_1_6' title='bbox 1064 72 1160 112; x_wconf 73' lang='grc'><strong>823.</strong></span> <span class='ocrx_word' id='word_1_7' title='bbox 1193 70 1258 114; x_wconf 81' lang='lat' dir='ltr'><strong>St.</strong></span> <span class='ocrx_word' id='word_1_8' title='bbox 1351 69 1433 111; x_wconf 72' lang='lat'><strong>393</strong></span> 
     </span>
     <span class='ocr_line' id='line_1_2' title="bbox 73 186 1433 246; baseline -0.001 -13"><span class='ocrx_word' id='word_1_9' title='bbox 73 191 230 243; x_wconf 70' lang='grc' dir='ltr'><strong><em>πολλὴ</em></strong></span> <span class='ocrx_word' id='word_1_10' title='bbox 251 194 333 245; x_wconf 72' lang='grc' dir='ltr'><strong>μὲν</strong></span> <span class='ocrx_word' id='word_1_11' title='bbox 366 190 452 246; x_wconf 60' lang='lat' dir='ltr'><strong>peip</strong></span> <span class='ocrx_word' id='word_1_12' title='bbox 481 189 505 243; x_wconf 76' lang='grc' dir='ltr'>ἡ</span> <span class='ocrx_word' id='word_1_13' title='bbox 530 192 618 234; x_wconf 76' lang='grc' dir='ltr'><strong>τῶν</strong></span> <span class='ocrx_word' id='word_1_14' title='bbox 653 189 862 243; x_wconf 71' lang='grc' dir='ltr'><strong>ἐνύδρων,</strong></span> <span class='ocrx_word' id='word_1_15' title='bbox 896 187 1036 239; x_wconf 64' lang='grc' dir='ltr'><strong><em>πολλὴ</em></strong></span> <span class='ocrx_word' id='word_1_16' title='bbox 1073 190 1126 233; x_wconf 77' lang='grc' dir='ltr'><strong>δὲ</strong></span> <span class='ocrx_word' id='word_1_17' title='bbox 1149 186 1187 240; x_wconf 79' lang='grc' dir='ltr'><strong><em>ἡ</em></strong></span> <span class='ocrx_word' id='word_1_18' title='bbox 1209 190 1294 231; x_wconf 80' lang='grc' dir='ltr'><strong>τῶν</strong></span> <span class='ocrx_word' id='word_1_19' title='bbox 1324 205 1433 242; x_wconf 74' lang='grc' dir='ltr'><strong><em>πτη-</em></strong></span> 
     </span>
     <span class='ocr_line' id='line_1_3' title="bbox 77 243 1434 314; baseline -0.001 -15"><span class='ocrx_word' id='word_1_20' title='bbox 77 261 186 307; x_wconf 71' lang='grc' dir='ltr'><strong>νῶν,</strong></span> <span class='ocrx_word' id='word_1_21' title='bbox 223 259 441 314; x_wconf 76' lang='grc' dir='ltr'><strong><em>παμπολυ</em></strong></span> <span class='ocrx_word' id='word_1_22' title='bbox 474 261 518 301; x_wconf 74' lang='grc' dir='ltr'><strong>δε</strong></span> <span class='ocrx_word' id='word_1_23' title='bbox 553 275 624 299; x_wconf 79' lang='grc' dir='ltr'><strong>και</strong></span> <span class='ocrx_word' id='word_1_24' title='bbox 664 254 714 300; x_wconf 84' lang='grc' dir='ltr'><strong>τὸ</strong></span> <span class='ocrx_word' id='word_1_25' title='bbox 760 273 857 309; x_wconf 77' lang='grc' dir='ltr'><strong>περι</strong></span> <span class='ocrx_word' id='word_1_26' title='bbox 890 254 944 297; x_wconf 79' lang='grc' dir='ltr'><strong>τοὶ</strong></span> <span class='ocrx_word' id='word_1_27' title='bbox 993 243 1116 307; x_wconf 53' lang='lat' dir='ltr'><strong>nega</strong></span> <span class='ocrx_word' id='word_1_28' title='bbox 1151 255 1434 312; x_wconf 72' lang='grc' dir='ltr'><em>θηρεύματα,</em></span> 
     </span>
     <span class='ocr_line' id='line_1_4' title="bbox 73 322 1434 379; baseline -0.001 -11"><span class='ocrx_word' id='word_1_29' title='bbox 73 324 126 368; x_wconf 83' lang='grc' dir='ltr'><strong>οὐ</strong></span> <span class='ocrx_word' id='word_1_30' title='bbox 155 325 298 379; x_wconf 83' lang='grc' dir='ltr'><strong><em>μόνον</em></strong></span> <span class='ocrx_word' id='word_1_31' title='bbox 329 329 517 379; x_wconf 61' lang='grc' dir='ltr'><strong><em>θηοίων,</em></strong></span> <span class='ocrx_word' id='word_1_32' title='bbox 552 323 667 367; x_wconf 80' lang='grc' dir='ltr'><strong><em>ἀλλὰ</em></strong></span> <span class='ocrx_word' id='word_1_33' title='bbox 689 341 762 366; x_wconf 87' lang='grc' dir='ltr'><strong>και</strong></span> <span class='ocrx_word' id='word_1_34' title='bbox 785 322 865 375; x_wconf 82' lang='grc' dir='ltr'><strong>τὴν</strong></span> <span class='ocrx_word' id='word_1_35' title='bbox 901 323 991 364; x_wconf 79' lang='grc' dir='ltr'><strong>τῶν</strong></span> <span class='ocrx_word' id='word_1_36' title='bbox 1026 322 1288 379; x_wconf 74' lang='grc' dir='ltr'><strong>ἀνθρώπων</strong></span> <span class='ocrx_word' id='word_1_37' title='bbox 1306 322 1434 376; x_wconf 77' lang='grc' dir='ltr'><strong><em>ἄξιον</em></strong></span> 
     </span>
     <span class='ocr_line' id='line_1_5' title="bbox 74 388 1433 446; baseline 0.001 -12"><span class='ocrx_word' id='word_1_38' title='bbox 74 398 246 436; x_wconf 57' lang='lat' dir='ltr'><strong>euvoti»</strong></span> <span class='ocrx_word' id='word_1_39' title='bbox 276 392 452 446; x_wconf 54' lang='lat' dir='ltr'><strong>Otium),</strong></span> <span class='ocrx_word' id='word_1_40' title='bbox 492 408 569 443; x_wconf 82' lang='grc' dir='ltr'><strong>την</strong></span> <span class='ocrx_word' id='word_1_41' title='bbox 607 407 651 433; x_wconf 76' lang='grc' dir='ltr'><strong>τε</strong></span> <span class='ocrx_word' id='word_1_42' title='bbox 689 390 803 432; x_wconf 82' lang='grc' dir='ltr'><strong><em>κατα</em></strong></span> <span class='ocrx_word' id='word_1_43' title='bbox 842 389 1057 442; x_wconf 77' lang='grc' dir='ltr'><strong><em>πόλεμον,</em></strong></span> <span class='ocrx_word' id='word_1_44' title='bbox 1096 388 1238 443; x_wconf 81' lang='grc' dir='ltr'><strong><em>πολλὴ</em></strong></span> <span class='ocrx_word' id='word_1_45' title='bbox 1278 394 1324 434; x_wconf 74' lang='grc' dir='ltr'><strong>δὲ</strong></span> <span class='ocrx_word' id='word_1_46' title='bbox 1355 408 1433 435; x_wconf 80' lang='grc' dir='ltr'><strong><em>-και</em></strong></span> 
     </span>
     <span class='ocr_line' id='line_1_6' title="bbox 75 455 1431 535; baseline 0 -33"><span class='ocrx_word' id='word_1_47' title='bbox 75 477 100 510; x_wconf 87' lang='grc' dir='ltr'><em>η</em></span> <span class='ocrx_word' id='word_1_48' title='bbox 138 458 253 501; x_wconf 74' lang='grc' dir='ltr'><strong><em>κατὰ</em></strong></span> <span class='ocrx_word' id='word_1_49' title='bbox 290 462 445 535; x_wconf 78' lang='grc' dir='ltr'><strong><em>φιλίαν</em></strong></span> <span class='ocrx_word' id='word_1_50' title='bbox 484 457 746 511; x_wconf 69' lang='grc' dir='ltr'><strong><em>θηρευυυσα</em></strong></span> <span class='ocrx_word' id='word_1_51' title='bbox 786 455 809 508; x_wconf 80' lang='grc' dir='ltr'>ἡ</span> <span class='ocrx_word' id='word_1_52' title='bbox 850 459 931 510; x_wconf 74' lang='grc' dir='ltr'><strong>μὲν</strong></span> <span class='ocrx_word' id='word_1_53' title='bbox 967 459 1164 506; x_wconf 76' lang='grc' dir='ltr'><strong>ἔπαινον,</strong></span> <span class='ocrx_word' id='word_1_54' title='bbox 1202 456 1229 510; x_wconf 82' lang='grc' dir='ltr'><strong><em>ἡ</em></strong></span> <span class='ocrx_word' id='word_1_55' title='bbox 1268 462 1312 501; x_wconf 78' lang='grc' dir='ltr'><strong>δὲ</strong></span> <span class='ocrx_word' id='word_1_56' title='bbox 1343 458 1431 515; x_wconf 82' lang='grc' dir='ltr'><strong>ψό-</strong></span> 
     </span>
     <span class='ocr_line' id='line_1_7' title="bbox 72 524 1433 583; baseline 0 -15"><span class='ocrx_word' id='word_1_57' title='bbox 72 542 152 578; x_wconf 82' lang='grc' dir='ltr'><strong>γον</strong></span> <span class='ocrx_word' id='word_1_58' title='bbox 192 529 298 580; x_wconf 73' lang='grc' dir='ltr'><strong><em>ἔχει·</em></strong></span> <span class='ocrx_word' id='word_1_59' title='bbox 336 543 409 569; x_wconf 80' lang='grc' dir='ltr'><strong>και</strong></span> <span class='ocrx_word' id='word_1_60' title='bbox 446 528 654 568; x_wconf 68' lang='grc' dir='ltr'><strong><em>κλωπεῖαι</em></strong></span> <span class='ocrx_word' id='word_1_61' title='bbox 693 528 763 566; x_wconf 81' lang='grc' dir='ltr'><strong>και</strong></span> <span class='ocrx_word' id='word_1_62' title='bbox 802 525 973 583; x_wconf 70' lang='grc' dir='ltr'><strong><em>λῃστῶν</em></strong></span> <span class='ocrx_word' id='word_1_63' title='bbox 1009 527 1079 581; x_wconf 71' lang='grc' dir='ltr'><strong>καὶ</strong></span> <span class='ocrx_word' id='word_1_64' title='bbox 1121 524 1433 578; x_wconf 60' lang='grc' dir='ltr'><strong><em>στρατοπέδων</em></strong></span> 
     </span>
     <span class='ocr_line' id='line_1_8' title="bbox 71 586 1428 649; baseline 0.001 -15"><span class='ocrx_word' id='word_1_65' title='bbox 71 586 389 648; x_wconf 67' lang='grc' dir='ltr'><strong><em>στρατοπεδοις</em></strong></span> <span class='ocrx_word' id='word_1_66' title='bbox 430 595 593 649; x_wconf 74' lang='grc' dir='ltr'><strong><em>θῆραι.</em></strong></span> <span class='ocrx_word' id='word_1_67' title='bbox 638 591 788 646; x_wconf 66' lang='grc' dir='ltr'><strong><em>θήρας</em></strong></span> <span class='ocrx_word' id='word_1_68' title='bbox 825 594 871 634; x_wconf 77' lang='grc' dir='ltr'><strong>δέ</strong></span> <span class='ocrx_word' id='word_1_69' title='bbox 904 597 1002 647; x_wconf 76' lang='grc' dir='ltr'><strong>πὲρι</strong></span> <span class='ocrx_word' id='word_1_70' title='bbox 1045 595 1221 634; x_wconf 71' lang='grc' dir='ltr'><strong><em>τιθέντι</em></strong></span> <span class='ocrx_word' id='word_1_71' title='bbox 1257 594 1320 647; x_wconf 78' lang='grc' dir='ltr'><strong>τῷ</strong></span> <span class='ocrx_word' id='word_1_72' title='bbox 1357 610 1428 636; x_wconf 79' lang='grc' dir='ltr'><strong>νο-</strong></span> 
     </span>
    </p>
   </div>
   <div class='ocr_carea' id='block_1_2' title="bbox 73 697 1431 856">
    <p class='ocr_par' dir='ltr' id='par_1_2' title="bbox 73 697 1431 810">
     <span class='ocr_line' id='line_1_9' title="bbox 794 697 1067 713; baseline 0 0"><span class='ocrx_word' id='word_1_73' title='bbox 794 697 803 701; x_wconf 54' lang='grc'><strong>’</strong></span> <span class='ocrx_word' id='word_1_74' title='bbox 1053 699 1067 713; x_wconf 72' lang='lat'><em>0</em></span> 
     </span>
     <span class='ocr_line' id='line_1_10' title="bbox 73 721 1431 767; baseline 0.001 -13"><span class='ocrx_word' id='word_1_75' title='bbox 73 734 125 764; x_wconf 89' lang='lat' dir='ltr'><strong>pr.</strong></span> <span class='ocrx_word' id='word_1_76' title='bbox 157 721 221 767; x_wconf 51' lang='lat'><strong>2„</strong></span> <span class='ocrx_word' id='word_1_77' title='bbox 240 729 277 754; x_wconf 93' lang='lat' dir='ltr'><strong>ut</strong></span> <span class='ocrx_word' id='word_1_78' title='bbox 301 723 443 764; x_wconf 80' lang='lat' dir='ltr'><strong>scripsit</strong></span> <span class='ocrx_word' id='word_1_79' title='bbox 470 733 561 754; x_wconf 86' lang='lat' dir='ltr'><strong>unus</strong></span> <span class='ocrx_word' id='word_1_80' title='bbox 587 721 835 755; x_wconf 78' lang='lat' dir='ltr'><strong>Schneiderus.</strong></span> <span class='ocrx_word' id='word_1_81' title='bbox 885 721 976 753; x_wconf 87' lang='lat' dir='ltr'><strong>Dein</strong></span> <span class='ocrx_word' id='word_1_82' title='bbox 1003 721 1124 765; x_wconf 85' lang='lat' dir='ltr'><strong>Steph.</strong></span> <span class='ocrx_word' id='word_1_83' title='bbox 1160 729 1194 755; x_wconf 83' lang='lat' dir='ltr'><strong>et</strong></span> <span class='ocrx_word' id='word_1_84' title='bbox 1220 725 1344 756; x_wconf 84' lang='lat' dir='ltr'><strong>Astius</strong></span> <span class='ocrx_word' id='word_1_85' title='bbox 1371 723 1431 766; x_wconf 77' lang='grc' dir='ltr'><strong>τήν</strong></span> 
     </span>
     <span class='ocr_line' id='line_1_11' title="bbox 74 769 502 810; baseline 0 -10"><span class='ocrx_word' id='word_1_86' title='bbox 74 781 110 810; x_wconf 77' lang='grc' dir='ltr'><strong>γε</strong></span> <span class='ocrx_word' id='word_1_87' title='bbox 136 769 320 810; x_wconf 84' lang='lat' dir='ltr'><strong>legendum</strong></span> <span class='ocrx_word' id='word_1_88' title='bbox 347 775 502 800; x_wconf 80' lang='lat' dir='ltr'><strong>censent.</strong></span> 
     </span>
    </p>

    <p class='ocr_par' dir='ltr' id='par_1_3' title="bbox 164 813 1071 856">
     <span class='ocr_line' id='line_1_12' title="bbox 164 813 1071 856; baseline -0.002 -10"><span class='ocrx_word' id='word_1_89' title='bbox 164 815 232 846; x_wconf 80' lang='grc' dir='ltr'><strong>καὶ</strong></span> <span class='ocrx_word' id='word_1_90' title='bbox 257 814 478 856; x_wconf 73' lang='grc' dir='ltr'><strong><em>κλωπεῖαι]</em></strong></span> <span class='ocrx_word' id='word_1_91' title='bbox 508 814 660 845; x_wconf 77' lang='grc' dir='ltr'><strong><em>κλοπεῖαι</em></strong></span> <span class='ocrx_word' id='word_1_92' title='bbox 688 813 767 844; x_wconf 85' lang='lat' dir='ltr'><strong>Vat.</strong></span> <span class='ocrx_word' id='word_1_93' title='bbox 794 822 822 843; x_wconf 90' lang='lat' dir='ltr'><strong>r.</strong></span> <span class='ocrx_word' id='word_1_94' title='bbox 847 817 881 844; x_wconf 88' lang='lat' dir='ltr'><strong>et</strong></span> <span class='ocrx_word' id='word_1_95' title='bbox 908 823 998 846; x_wconf 86' lang='lat' dir='ltr'><strong>corr.</strong></span> <span class='ocrx_word' id='word_1_96' title='bbox 1028 815 1071 844; x_wconf 84' lang='lat' dir='ltr'><strong>A.</strong></span> 
     </span>
    </p>
   </div>
   <div class='ocr_carea' id='block_1_3' title="bbox 165 857 1320 902">
    <p class='ocr_par' dir='ltr' id='par_1_4' title="bbox 165 857 1320 902">
     <span class='ocr_line' id='line_1_13' title="bbox 165 857 1320 902; baseline 0 -10"><span class='ocrx_word' id='word_1_97' title='bbox 165 860 477 901; x_wconf 76' lang='grc' dir='ltr'><em>στρατοπέδων</em></span> <span class='ocrx_word' id='word_1_98' title='bbox 509 858 850 902; x_wconf 69' lang='grc' dir='ltr'><strong><em>στρατοπέδοις]</em></strong></span> <span class='ocrx_word' id='word_1_99' title='bbox 875 858 972 894; x_wconf 78' lang='lat' dir='ltr'><strong>Fort.</strong></span> <span class='ocrx_word' id='word_1_100' title='bbox 1001 857 1037 891; x_wconf 80' lang='grc' dir='ltr'><strong>ἐν</strong></span> <span class='ocrx_word' id='word_1_101' title='bbox 1064 858 1320 901; x_wconf 77' lang='grc' dir='ltr'><strong><em>στρατοπέδοις.</em></strong></span> 
     </span>
    </p>
   </div>
   <div class='ocr_carea' id='block_1_4' title="bbox 69 961 717 1236">
    <p class='ocr_par' dir='ltr' id='par_1_5' title="bbox 69 961 717 1236">
     <span class='ocr_line' id='line_1_14' title="bbox 72 961 716 1004; baseline 0 -11"><span class='ocrx_word' id='word_1_102' title='bbox 72 962 179 1004; x_wconf 60' lang='lat' dir='ltr'><strong>periet,</strong></span> <span class='ocrx_word' id='word_1_103' title='bbox 215 964 347 996; x_wconf 84' lang='lat' dir='ltr'><strong>omisso</strong></span> <span class='ocrx_word' id='word_1_104' title='bbox 372 968 454 996; x_wconf 87' lang='lat' dir='ltr'><strong>aute</strong></span> <span class='ocrx_word' id='word_1_105' title='bbox 487 961 571 994; x_wconf 81' lang='grc' dir='ltr'><strong><em>κατὰ</em></strong></span> <span class='ocrx_word' id='word_1_106' title='bbox 600 963 716 1002; x_wconf 77' lang='grc' dir='ltr'><strong><em>φιλίαν</em></strong></span> 
     </span>
     <span class='ocr_line' id='line_1_15' title="bbox 71 1009 717 1051; baseline -0.003 -10"><span class='ocrx_word' id='word_1_107' title='bbox 71 1009 242 1048; x_wconf 82' lang='lat' dir='ltr'><strong>articulo,</strong></span> <span class='ocrx_word' id='word_1_108' title='bbox 275 1011 324 1040; x_wconf 86' lang='lat' dir='ltr'><strong>ita</strong></span> <span class='ocrx_word' id='word_1_109' title='bbox 351 1014 388 1040; x_wconf 85' lang='lat' dir='ltr'><strong>ut</strong></span> <span class='ocrx_word' id='word_1_110' title='bbox 412 1011 565 1051; x_wconf 86' lang='lat' dir='ltr'><strong>denique</strong></span> <span class='ocrx_word' id='word_1_111' title='bbox 594 1019 717 1050; x_wconf 89' lang='lat' dir='ltr'><strong>seque-</strong></span> 
     </span>
     <span class='ocr_line' id='line_1_16' title="bbox 71 1051 716 1096; baseline 0 -10"><span class='ocrx_word' id='word_1_112' title='bbox 71 1061 184 1088; x_wconf 83' lang='lat' dir='ltr'><strong>retur:</strong></span> <span class='ocrx_word' id='word_1_113' title='bbox 221 1052 241 1096; x_wconf 84' lang='grc' dir='ltr'><em>ἦ</em></span> <span class='ocrx_word' id='word_1_114' title='bbox 265 1054 327 1094; x_wconf 83' lang='grc' dir='ltr'><strong>μὲν</strong></span> <span class='ocrx_word' id='word_1_115' title='bbox 351 1055 510 1092; x_wconf 80' lang='grc' dir='ltr'><strong><em>ἔπαινον,</em></strong></span> <span class='ocrx_word' id='word_1_116' title='bbox 546 1051 566 1096; x_wconf 85' lang='grc' dir='ltr'><strong><em>ἡ</em></strong></span> <span class='ocrx_word' id='word_1_117' title='bbox 591 1052 628 1086; x_wconf 86' lang='grc' dir='ltr'><strong>δὲ</strong></span> <span class='ocrx_word' id='word_1_118' title='bbox 650 1052 716 1094; x_wconf 78' lang='grc' dir='ltr'><strong>ψό-</strong></span> 
     </span>
     <span class='ocr_line' id='line_1_17' title="bbox 72 1101 717 1142; baseline 0 -10"><span class='ocrx_word' id='word_1_119' title='bbox 72 1112 136 1142; x_wconf 86' lang='grc' dir='ltr'><strong>γον</strong></span> <span class='ocrx_word' id='word_1_120' title='bbox 186 1101 323 1142; x_wconf 81' lang='grc' dir='ltr'><strong><em>ἔχουσα.</em></strong></span> <span class='ocrx_word' id='word_1_121' title='bbox 381 1102 549 1134; x_wconf 84' lang='lat' dir='ltr'><strong>Fatemur</strong></span> <span class='ocrx_word' id='word_1_122' title='bbox 601 1102 717 1132; x_wconf 91' lang='lat' dir='ltr'><strong>locum</strong></span> 
     </span>
     <span class='ocr_line' id='line_1_18' title="bbox 70 1147 717 1188; baseline 0.002 -10"><span class='ocrx_word' id='word_1_123' title='bbox 70 1147 162 1179; x_wconf 87' lang='lat' dir='ltr'><strong>hunc</strong></span> <span class='ocrx_word' id='word_1_124' title='bbox 199 1158 345 1188; x_wconf 88' lang='lat' dir='ltr'><strong>prorsus</strong></span> <span class='ocrx_word' id='word_1_125' title='bbox 382 1158 459 1180; x_wconf 86' lang='lat' dir='ltr'><strong>esse</strong></span> <span class='ocrx_word' id='word_1_126' title='bbox 501 1148 717 1188; x_wconf 83' lang='lat' dir='ltr'><strong>singularem</strong></span> 
     </span>
     <span class='ocr_line' id='line_1_19' title="bbox 69 1194 717 1236; baseline 0 -12"><span class='ocrx_word' id='word_1_127' title='bbox 69 1198 178 1234; x_wconf 83' lang='lat' dir='ltr'><strong>atque</strong></span> <span class='ocrx_word' id='word_1_128' title='bbox 199 1199 270 1226; x_wconf 79' lang='lat' dir='ltr'><strong>tam</strong></span> <span class='ocrx_word' id='word_1_129' title='bbox 291 1195 512 1236; x_wconf 77' lang='lat' dir='ltr'><strong>negligenter</strong></span> <span class='ocrx_word' id='word_1_130' title='bbox 536 1194 717 1235; x_wconf 85' lang='lat' dir='ltr'><strong>scriptum,</strong></span> 
     </span>
    </p>
   </div>
   <div class='ocr_carea' id='block_1_5' title="bbox 9 1241 714 1282">
    <p class='ocr_par' dir='ltr' id='par_1_6' title="bbox 9 1241 714 1282">
     <span class='ocr_line' id='line_1_20' title="bbox 9 1241 714 1282; baseline 0.001 -12"><span class='ocrx_word' id='word_1_131' title='bbox 9 1252 15 1259; x_wconf 67' lang='grc'>’</span> <span class='ocrx_word' id='word_1_132' title='bbox 71 1244 127 1279; x_wconf 83' lang='lat' dir='ltr'><strong>ut,</strong></span> <span class='ocrx_word' id='word_1_133' title='bbox 160 1241 320 1281; x_wconf 85' lang='lat' dir='ltr'><strong>quamvis</strong></span> <span class='ocrx_word' id='word_1_134' title='bbox 344 1241 479 1282; x_wconf 80' lang='lat' dir='ltr'>Legum</span> <span class='ocrx_word' id='word_1_135' title='bbox 515 1250 604 1282; x_wconf 87' lang='lat' dir='ltr'><strong>opus</strong></span> <span class='ocrx_word' id='word_1_136' title='bbox 629 1250 714 1271; x_wconf 87' lang='lat' dir='ltr'><strong>ana-</strong></span> 
     </span>
    </p>
   </div>
   <div class='ocr_carea' id='block_1_6' title="bbox 67 1285 716 1927">
    <p class='ocr_par' dir='ltr' id='par_1_7' title="bbox 67 1285 716 1927">
     <span class='ocr_line' id='line_1_21' title="bbox 70 1285 715 1328; baseline 0.002 -12"><span class='ocrx_word' id='word_1_137' title='bbox 70 1285 222 1318; x_wconf 71' lang='lat' dir='ltr'><strong>coluthia</strong></span> <span class='ocrx_word' id='word_1_138' title='bbox 265 1287 380 1319; x_wconf 85' lang='lat' dir='ltr'><strong>omnis</strong></span> <span class='ocrx_word' id='word_1_139' title='bbox 416 1288 559 1328; x_wconf 79' lang='lat' dir='ltr'><strong>generis</strong></span> <span class='ocrx_word' id='word_1_140' title='bbox 602 1295 715 1327; x_wconf 86' lang='lat' dir='ltr'><strong>paene</strong></span> 
     </span>
     <span class='ocr_line' id='line_1_22' title="bbox 69 1331 714 1374; baseline 0.003 -12"><span class='ocrx_word' id='word_1_141' title='bbox 69 1331 236 1364; x_wconf 79' lang='lat' dir='ltr'><strong>refertum</strong></span> <span class='ocrx_word' id='word_1_142' title='bbox 262 1333 320 1373; x_wconf 81' lang='lat' dir='ltr'><strong>sit,</strong></span> <span class='ocrx_word' id='word_1_143' title='bbox 345 1338 462 1365; x_wconf 81' lang='lat' dir='ltr'><strong>tamen</strong></span> <span class='ocrx_word' id='word_1_144' title='bbox 480 1333 541 1364; x_wconf 83' lang='lat' dir='ltr'><strong>vix</strong></span> <span class='ocrx_word' id='word_1_145' title='bbox 566 1342 714 1374; x_wconf 82' lang='lat' dir='ltr'><strong>usquam</strong></span> 
     </span>
     <span class='ocr_line' id='line_1_23' title="bbox 69 1378 716 1421; baseline 0 -12"><span class='ocrx_word' id='word_1_146' title='bbox 69 1378 106 1409; x_wconf 85' lang='lat' dir='ltr'><strong>in</strong></span> <span class='ocrx_word' id='word_1_147' title='bbox 141 1379 332 1410; x_wconf 29' lang='lat' dir='ltr'><strong>eoffsimile</strong></span> <span class='ocrx_word' id='word_1_148' title='bbox 364 1379 532 1421; x_wconf 83' lang='lat' dir='ltr'>quiddam</span> <span class='ocrx_word' id='word_1_149' title='bbox 568 1379 716 1420; x_wconf 86' lang='lat' dir='ltr'><strong>reperiri</strong></span> 
     </span>
     <span class='ocr_line' id='line_1_24' title="bbox 68 1425 713 1464; baseline 0.002 -9"><span class='ocrx_word' id='word_1_150' title='bbox 68 1433 174 1464; x_wconf 82' lang='lat' dir='ltr'><strong>posse</strong></span> <span class='ocrx_word' id='word_1_151' title='bbox 224 1425 397 1457; x_wconf 82' lang='lat' dir='ltr'><strong>videatur.</strong></span> <span class='ocrx_word' id='word_1_152' title='bbox 470 1425 713 1457; x_wconf 82' lang='lat' dir='ltr'>Nihilominus</span> 
     </span>
     <span class='ocr_line' id='line_1_25' title="bbox 68 1470 714 1512; baseline 0.005 -12"><span class='ocrx_word' id='word_1_153' title='bbox 68 1470 301 1511; x_wconf 75' lang='lat' dir='ltr'><strong>planenobis</strong></span> <span class='ocrx_word' id='word_1_154' title='bbox 329 1472 569 1512; x_wconf 79' lang='lat' dir='ltr'>persuasimus</span> <span class='ocrx_word' id='word_1_155' title='bbox 595 1471 714 1503; x_wconf 77' lang='lat' dir='ltr'><strong>omnia</strong></span> 
     </span>
     <span class='ocr_line' id='line_1_26' title="bbox 68 1516 715 1558; baseline 0.003 -11"><span class='ocrx_word' id='word_1_156' title='bbox 68 1525 148 1547; x_wconf 82' lang='lat' dir='ltr'><strong>esse</strong></span> <span class='ocrx_word' id='word_1_157' title='bbox 177 1516 318 1558; x_wconf 80' lang='lat' dir='ltr'><strong>integra</strong></span> <span class='ocrx_word' id='word_1_158' title='bbox 347 1528 389 1550; x_wconf 88' lang='lat' dir='ltr'><strong>ac</strong></span> <span class='ocrx_word' id='word_1_159' title='bbox 423 1519 579 1558; x_wconf 81' lang='lat' dir='ltr'><strong>sincera,</strong></span> <span class='ocrx_word' id='word_1_160' title='bbox 607 1522 647 1548; x_wconf 86' lang='lat' dir='ltr'><strong>ut</strong></span> <span class='ocrx_word' id='word_1_161' title='bbox 673 1527 715 1549; x_wconf 91' lang='lat' dir='ltr'><strong>ne</strong></span> 
     </span>
     <span class='ocr_line' id='line_1_27' title="bbox 68 1562 715 1604; baseline 0.003 -12"><span class='ocrx_word' id='word_1_162' title='bbox 68 1562 250 1596; x_wconf 72' lang='lat' dir='ltr'><strong>levissima</strong></span> <span class='ocrx_word' id='word_1_163' title='bbox 274 1564 415 1604; x_wconf 87' lang='lat' dir='ltr'><strong>quidem</strong></span> <span class='ocrx_word' id='word_1_164' title='bbox 432 1564 619 1595; x_wconf 85' lang='lat' dir='ltr'><strong>verborum</strong></span> <span class='ocrx_word' id='word_1_165' title='bbox 639 1573 715 1595; x_wconf 87' lang='lat' dir='ltr'><strong>mu-</strong></span> 
     </span>
     <span class='ocr_line' id='line_1_28' title="bbox 70 1608 711 1642; baseline 0 -2"><span class='ocrx_word' id='word_1_166' title='bbox 70 1608 156 1640; x_wconf 79' lang='lat' dir='ltr'><strong>tatio</strong></span> <span class='ocrx_word' id='word_1_167' title='bbox 192 1611 393 1641; x_wconf 79' lang='lat' dir='ltr'><strong>necessaria</strong></span> <span class='ocrx_word' id='word_1_168' title='bbox 426 1610 598 1642; x_wconf 83' lang='lat' dir='ltr'><strong>videatur.</strong></span> <span class='ocrx_word' id='word_1_169' title='bbox 647 1608 711 1640; x_wconf 85' lang='lat' dir='ltr'><strong>Ni-</strong></span> 
     </span>
     <span class='ocr_line' id='line_1_29' title="bbox 68 1654 712 1698; baseline -0.002 -11"><span class='ocrx_word' id='word_1_170' title='bbox 68 1654 194 1687; x_wconf 86' lang='lat' dir='ltr'>mirum</span> <span class='ocrx_word' id='word_1_171' title='bbox 219 1654 306 1687; x_wconf 86' lang='lat' dir='ltr'><strong>haec</strong></span> <span class='ocrx_word' id='word_1_172' title='bbox 332 1665 474 1698; x_wconf 89' lang='lat' dir='ltr'><strong>quoque</strong></span> <span class='ocrx_word' id='word_1_173' title='bbox 502 1656 712 1688; x_wconf 85' lang='lat' dir='ltr'><strong>confirmant</strong></span> 
     </span>
     <span class='ocr_line' id='line_1_30' title="bbox 68 1701 708 1743; baseline 0.003 -12"><span class='ocrx_word' id='word_1_174' title='bbox 68 1701 163 1735; x_wconf 69' lang='lat' dir='ltr'><strong>satis</strong></span> <span class='ocrx_word' id='word_1_175' title='bbox 175 1706 284 1740; x_wconf 87' lang='lat' dir='ltr'><strong>certo,</strong></span> <span class='ocrx_word' id='word_1_176' title='bbox 304 1712 425 1734; x_wconf 84' lang='lat' dir='ltr'><strong>verum</strong></span> <span class='ocrx_word' id='word_1_177' title='bbox 446 1712 523 1734; x_wconf 86' lang='lat' dir='ltr'><strong>esse</strong></span> <span class='ocrx_word' id='word_1_178' title='bbox 536 1702 631 1743; x_wconf 87' lang='lat' dir='ltr'><strong>quod</strong></span> <span class='ocrx_word' id='word_1_179' title='bbox 651 1712 708 1733; x_wconf 87' lang='lat' dir='ltr'><strong>ve-</strong></span> 
     </span>
     <span class='ocr_line' id='line_1_31' title="bbox 68 1748 708 1801; baseline 0.003 -24"><span class='ocrx_word' id='word_1_180' title='bbox 68 1751 160 1777; x_wconf 82' lang='lat' dir='ltr'><strong>teres</strong></span> <span class='ocrx_word' id='word_1_181' title='bbox 196 1748 388 1788; x_wconf 77' lang='lat' dir='ltr'><strong>scriptores</strong></span> <span class='ocrx_word' id='word_1_182' title='bbox 411 1750 602 1780; x_wconf 86' lang='lat' dir='ltr'><strong>memoriae</strong></span> <span class='ocrx_word' id='word_1_183' title='bbox 628 1758 708 1801; x_wconf 48' lang='lat' dir='ltr'><strong>prlo-</strong></span> 
     </span>
     <span class='ocr_line' id='line_1_32' title="bbox 67 1783 712 1834; baseline 0.002 -11"><span class='ocrx_word' id='word_1_184' title='bbox 67 1791 247 1831; x_wconf 73' lang='lat' dir='ltr'><strong>didernut,</strong></span> <span class='ocrx_word' id='word_1_185' title='bbox 277 1795 337 1834; x_wconf 84' lang='lat' dir='ltr'><strong>qui</strong></span> <span class='ocrx_word' id='word_1_186' title='bbox 357 1793 543 1826; x_wconf 77' lang='lat' dir='ltr'><strong>Platonem</strong></span> <span class='ocrx_word' id='word_1_187' title='bbox 567 1783 712 1826; x_wconf 79' lang='lat' dir='ltr'><strong>narra&#39;nt</strong></span> 
     </span>
     <span class='ocr_line' id='line_1_33' title="bbox 69 1837 712 1880; baseline 0.003 -12"><span class='ocrx_word' id='word_1_188' title='bbox 69 1837 136 1869; x_wconf 84' lang='lat' dir='ltr'><strong>boc</strong></span> <span class='ocrx_word' id='word_1_189' title='bbox 151 1848 240 1878; x_wconf 75' lang='lat' dir='ltr'><strong>opus</strong></span> <span class='ocrx_word' id='word_1_190' title='bbox 265 1839 451 1880; x_wconf 75' lang='lat' dir='ltr'><strong>reliquisse</strong></span> <span class='ocrx_word' id='word_1_191' title='bbox 469 1839 712 1880; x_wconf 82' lang='lat' dir='ltr'><strong>imperfectum</strong></span> 
     </span>
     <span class='ocr_line' id='line_1_34' title="bbox 70 1884 711 1927; baseline 0.003 -13"><span class='ocrx_word' id='word_1_192' title='bbox 70 1893 186 1924; x_wconf 83' lang='lat' dir='ltr'><strong>neque</strong></span> <span class='ocrx_word' id='word_1_193' title='bbox 213 1884 376 1919; x_wconf 76' lang='lat' dir='ltr'><strong>limatum</strong></span> <span class='ocrx_word' id='word_1_194' title='bbox 401 1891 462 1916; x_wconf 89' lang='lat' dir='ltr'><strong>aut</strong></span> <span class='ocrx_word' id='word_1_195' title='bbox 487 1885 711 1927; x_wconf 81' lang='lat' dir='ltr'><strong>perpolitum.</strong></span> 
     </span>
    </p>
   </div>
   <div class='ocr_carea' id='block_1_7' title="bbox 65 1976 712 2701">
    <p class='ocr_par' dir='ltr' id='par_1_8' title="bbox 65 1976 712 2701">
     <span class='ocr_line' id='line_1_35' title="bbox 114 1976 712 2018; baseline 0.003 -12"><span class='ocrx_word' id='word_1_196' title='bbox 114 1976 184 2006; x_wconf 76' lang='grc' dir='ltr'><strong>καὶ</strong></span> <span class='ocrx_word' id='word_1_197' title='bbox 231 1977 434 2008; x_wconf 65' lang='grc' dir='ltr'><strong><em>κὶωπεῖαι</em></strong></span> <span class='ocrx_word' id='word_1_198' title='bbox 467 1993 507 2000; x_wconf 78' lang='lat'><strong>—·</strong></span> <span class='ocrx_word' id='word_1_199' title='bbox 541 1976 712 2018; x_wconf 51' lang='grc' dir='ltr'><strong><em>θῆραι]</em></strong></span> 
     </span>
     <span class='ocr_line' id='line_1_36' title="bbox 67 2019 711 2059; baseline 0.003 -6"><span class='ocrx_word' id='word_1_200' title='bbox 67 2019 174 2059; x_wconf 84' lang='lat' dir='ltr'><strong>Quod</strong></span> <span class='ocrx_word' id='word_1_201' title='bbox 197 2029 268 2054; x_wconf 85' lang='lat' dir='ltr'><strong>nou</strong></span> <span class='ocrx_word' id='word_1_202' title='bbox 294 2023 401 2054; x_wconf 88' lang='lat' dir='ltr'><strong>modo</strong></span> <span class='ocrx_word' id='word_1_203' title='bbox 427 2022 623 2058; x_wconf 77' lang='lat' dir='ltr'><strong>latronibus</strong></span> <span class='ocrx_word' id='word_1_204' title='bbox 649 2024 711 2055; x_wconf 89' lang='lat' dir='ltr'><strong>sed</strong></span> 
     </span>
     <span class='ocr_line' id='line_1_37' title="bbox 67 2068 708 2101; baseline 0.002 -2"><span class='ocrx_word' id='word_1_205' title='bbox 67 2068 172 2099; x_wconf 82' lang='lat' dir='ltr'><strong>etiam</strong></span> <span class='ocrx_word' id='word_1_206' title='bbox 197 2068 366 2100; x_wconf 82' lang='lat' dir='ltr'><strong>militibus</strong></span> <span class='ocrx_word' id='word_1_207' title='bbox 399 2069 599 2101; x_wconf 84' lang='lat' dir='ltr'><strong>tribuuntur</strong></span> <span class='ocrx_word' id='word_1_208' title='bbox 625 2069 708 2100; x_wconf 73' lang='grc' dir='ltr'><strong><em>κλω-</em></strong></span> 
     </span>
     <span class='ocr_line' id='line_1_38' title="bbox 69 2115 711 2156; baseline 0.005 -13"><span class='ocrx_word' id='word_1_209' title='bbox 69 2117 174 2150; x_wconf 77' lang='grc' dir='ltr'><strong><em>πεῖαι,</em></strong></span> <span class='ocrx_word' id='word_1_210' title='bbox 198 2115 323 2146; x_wconf 73' lang='lat' dir='ltr'><strong>latiore</strong></span> <span class='ocrx_word' id='word_1_211' title='bbox 349 2125 455 2146; x_wconf 88' lang='lat' dir='ltr'><strong>sensu</strong></span> <span class='ocrx_word' id='word_1_212' title='bbox 478 2116 632 2156; x_wconf 82' lang='lat' dir='ltr'><strong>positum</strong></span> <span class='ocrx_word' id='word_1_213' title='bbox 657 2120 711 2147; x_wconf 83' lang='lat' dir='ltr'><strong>est</strong></span> 
     </span>
     <span class='ocr_line' id='line_1_39' title="bbox 67 2159 708 2202; baseline 0.005 -12"><span class='ocrx_word' id='word_1_214' title='bbox 67 2159 295 2200; x_wconf 69' lang='lat' dir='ltr'><strong>vocabulum,</strong></span> <span class='ocrx_word' id='word_1_215' title='bbox 327 2171 398 2202; x_wconf 90' lang='lat' dir='ltr'><strong>quo</strong></span> <span class='ocrx_word' id='word_1_216' title='bbox 423 2170 493 2192; x_wconf 90' lang='lat' dir='ltr'><strong>non</strong></span> <span class='ocrx_word' id='word_1_217' title='bbox 524 2162 632 2193; x_wconf 89' lang='lat' dir='ltr'><strong>modo</strong></span> <span class='ocrx_word' id='word_1_218' title='bbox 657 2161 708 2193; x_wconf 89' lang='lat' dir='ltr'><strong>di-</strong></span> 
     </span>
     <span class='ocr_line' id='line_1_40' title="bbox 66 2205 708 2248; baseline 0.003 -12"><span class='ocrx_word' id='word_1_219' title='bbox 66 2205 225 2240; x_wconf 58' lang='lat' dir='ltr'><strong>cituLde</strong></span> <span class='ocrx_word' id='word_1_220' title='bbox 252 2207 314 2246; x_wconf 86' lang='lat' dir='ltr'><strong>iis,</strong></span> <span class='ocrx_word' id='word_1_221' title='bbox 345 2207 405 2248; x_wconf 90' lang='lat' dir='ltr'><strong>qui</strong></span> <span class='ocrx_word' id='word_1_222' title='bbox 436 2207 537 2239; x_wconf 86' lang='lat' dir='ltr'><strong>alteri</strong></span> <span class='ocrx_word' id='word_1_223' title='bbox 566 2208 708 2248; x_wconf 69' lang='lat' dir='ltr'><strong>¹aliquid</strong></span> 
     </span>
     <span class='ocr_line' id='line_1_41' title="bbox 66 2251 707 2294; baseline 0.003 -11"><span class='ocrx_word' id='word_1_224' title='bbox 66 2251 241 2292; x_wconf 82' lang='lat' dir='ltr'><strong>furantur,</strong></span> <span class='ocrx_word' id='word_1_225' title='bbox 281 2263 402 2284; x_wconf 88' lang='lat' dir='ltr'><strong>verum</strong></span> <span class='ocrx_word' id='word_1_226' title='bbox 425 2253 530 2285; x_wconf 76' lang='lat' dir='ltr'><strong>etiam</strong></span> <span class='ocrx_word' id='word_1_227' title='bbox 555 2254 599 2285; x_wconf 85' lang='lat' dir='ltr'><strong>de</strong></span> <span class='ocrx_word' id='word_1_228' title='bbox 623 2254 707 2294; x_wconf 87' lang='lat' dir='ltr'><strong>illis,</strong></span> 
     </span>
     <span class='ocr_line' id='line_1_42' title="bbox 66 2298 706 2338; baseline 0.005 -10"><span class='ocrx_word' id='word_1_229' title='bbox 66 2298 126 2338; x_wconf 86' lang='lat' dir='ltr'><strong>qui</strong></span> <span class='ocrx_word' id='word_1_230' title='bbox 167 2299 273 2330; x_wconf 85' lang='lat' dir='ltr'><strong>alicui</strong></span> <span class='ocrx_word' id='word_1_231' title='bbox 320 2299 548 2331; x_wconf 75' lang='lat' dir='ltr'><strong>clandestinis</strong></span> <span class='ocrx_word' id='word_1_232' title='bbox 591 2301 706 2332; x_wconf 87' lang='lat' dir='ltr'><strong>consi-</strong></span> 
     </span>
     <span class='ocr_line' id='line_1_43' title="bbox 65 2343 705 2386; baseline 0.006 -12"><span class='ocrx_word' id='word_1_233' title='bbox 65 2343 124 2375; x_wconf 78' lang='lat' dir='ltr'><strong>liis</strong></span> <span class='ocrx_word' id='word_1_234' title='bbox 158 2348 195 2375; x_wconf 82' lang='lat' dir='ltr'><strong>et</strong></span> <span class='ocrx_word' id='word_1_235' title='bbox 227 2345 400 2377; x_wconf 83' lang='lat' dir='ltr'><strong>insidiose</strong></span> <span class='ocrx_word' id='word_1_236' title='bbox 436 2343 572 2386; x_wconf 70' lang='lat' dir='ltr'><strong>aliquid</strong></span> <span class='ocrx_word' id='word_1_237' title='bbox 608 2346 705 2378; x_wconf 78' lang='lat' dir='ltr'><strong>aufe·</strong></span> 
     </span>
     <span class='ocr_line' id='line_1_44' title="bbox 66 2390 705 2432; baseline 0.006 -12"><span class='ocrx_word' id='word_1_238' title='bbox 66 2393 148 2421; x_wconf 82' lang='lat' dir='ltr'><strong>runt</strong></span> <span class='ocrx_word' id='word_1_239' title='bbox 162 2390 217 2422; x_wconf 84' lang='lat' dir='ltr'><strong>vel</strong></span> <span class='ocrx_word' id='word_1_240' title='bbox 241 2401 321 2423; x_wconf 86' lang='lat' dir='ltr'><strong>eum</strong></span> <span class='ocrx_word' id='word_1_241' title='bbox 345 2391 465 2423; x_wconf 79' lang='lat' dir='ltr'><strong>furtim</strong></span> <span class='ocrx_word' id='word_1_242' title='bbox 489 2392 705 2432; x_wconf 85' lang='lat' dir='ltr'><strong>aggrediun-</strong></span> 
     </span>
     <span class='ocr_line' id='line_1_45' title="bbox 67 2437 704 2479; baseline 0.005 -13"><span class='ocrx_word' id='word_1_243' title='bbox 67 2439 137 2468; x_wconf 76' lang='lat' dir='ltr'><strong>tur.</strong></span> <span class='ocrx_word' id='word_1_244' title='bbox 182 2437 302 2478; x_wconf 76' lang='lat' dir='ltr'><strong>Atque</strong></span> <span class='ocrx_word' id='word_1_245' title='bbox 325 2438 490 2470; x_wconf 86' lang='lat' dir='ltr'><strong>similiter</strong></span> <span class='ocrx_word' id='word_1_246' title='bbox 515 2438 619 2469; x_wconf 85' lang='lat' dir='ltr'><strong>etiam</strong></span> <span class='ocrx_word' id='word_1_247' title='bbox 639 2437 704 2479; x_wconf 78' lang='grc' dir='ltr'><strong>θη-</strong></span> 
     </span>
     <span class='ocr_line' id='line_1_46' title="bbox 69 2479 707 2525; baseline 0.009 -15"><span class='ocrx_word' id='word_1_248' title='bbox 69 2480 145 2520; x_wconf 66' lang='grc' dir='ltr'><strong>ρᾶν,</strong></span> <span class='ocrx_word' id='word_1_249' title='bbox 157 2479 343 2522; x_wconf 77' lang='grc' dir='ltr'><strong>θηρᾶσθαι</strong></span> <span class='ocrx_word' id='word_1_250' title='bbox 357 2494 398 2516; x_wconf 89' lang='lat' dir='ltr'><strong>ac</strong></span> <span class='ocrx_word' id='word_1_251' title='bbox 415 2481 514 2525; x_wconf 80' lang='grc' dir='ltr'><strong>θήρα</strong></span> <span class='ocrx_word' id='word_1_252' title='bbox 530 2485 707 2525; x_wconf 78' lang='lat' dir='ltr'><strong>usurpari,</strong></span> 
     </span>
     <span class='ocr_line' id='line_1_47' title="bbox 68 2525 707 2581; baseline 0.008 -25"><span class='ocrx_word' id='word_1_253' title='bbox 68 2525 122 2557; x_wconf 85' lang='lat' dir='ltr'><strong>vel</strong></span> <span class='ocrx_word' id='word_1_254' title='bbox 147 2535 191 2558; x_wconf 77' lang='lat' dir='ltr'><strong>ex</strong></span> <span class='ocrx_word' id='word_1_255' title='bbox 215 2525 707 2581; x_wconf 74' lang='lat' dir='ltr'><strong>Sophocl.Aiac.in.m÷1-</strong></span> 
     </span>
     <span class='ocr_line' id='line_1_48' title="bbox 68 2566 706 2617; baseline 0.011 -16"><span class='ocrx_word' id='word_1_256' title='bbox 68 2569 132 2610; x_wconf 86' lang='grc' dir='ltr'><strong>ράν</strong></span> <span class='ocrx_word' id='word_1_257' title='bbox 165 2566 229 2602; x_wconf 77' lang='grc' dir='ltr'><strong>τιν’</strong></span> <span class='ocrx_word' id='word_1_258' title='bbox 266 2572 402 2616; x_wconf 69' lang='grc' dir='ltr'><strong><em>ἐχθρῶν</em></strong></span> <span class='ocrx_word' id='word_1_259' title='bbox 444 2573 597 2616; x_wconf 79' lang='grc' dir='ltr'><strong><em>ἁρπάσαι</em></strong></span> <span class='ocrx_word' id='word_1_260' title='bbox 639 2576 706 2617; x_wconf 83' lang='grc' dir='ltr'><strong>θη-</strong></span> 
     </span>
     <span class='ocr_line' id='line_1_49' title="bbox 68 2614 705 2662; baseline 0.008 -14"><span class='ocrx_word' id='word_1_261' title='bbox 68 2614 234 2656; x_wconf 61' lang='grc' dir='ltr'><strong>ρώμενον,</strong></span> <span class='ocrx_word' id='word_1_262' title='bbox 259 2624 422 2653; x_wconf 74' lang='lat' dir='ltr'><strong>constare</strong></span> <span class='ocrx_word' id='word_1_263' title='bbox 447 2622 566 2662; x_wconf 90' lang='lat' dir='ltr'><strong>debet,</strong></span> <span class='ocrx_word' id='word_1_264' title='bbox 591 2622 651 2655; x_wconf 87' lang='lat' dir='ltr'><strong>ubi</strong></span> <span class='ocrx_word' id='word_1_265' title='bbox 674 2634 705 2653; x_wconf 85' lang='lat' dir='ltr'><strong>v.</strong></span> 
     </span>
     <span class='ocr_line' id='line_1_50' title="bbox 67 2662 707 2701; baseline 0.013 -7"><span class='ocrx_word' id='word_1_266' title='bbox 67 2662 254 2697; x_wconf 78' lang='lat' dir='ltr'><strong>Lobeek.</strong></span> <span class='ocrx_word' id='word_1_267' title='bbox 282 2665 479 2700; x_wconf 74' lang='lat' dir='ltr'><strong>Molestiam</strong></span> <span class='ocrx_word' id='word_1_268' title='bbox 507 2679 590 2701; x_wconf 80' lang='lat' dir='ltr'><strong>vero</strong></span> <span class='ocrx_word' id='word_1_269' title='bbox 613 2678 707 2701; x_wconf 75' lang='lat' dir='ltr'><strong>crea-</strong></span> 
     </span>
    </p>
   </div>
   <div class='ocr_carea' id='block_1_8' title="bbox 773 962 1429 2667">
    <p class='ocr_par' dir='ltr' id='par_1_9' title="bbox 773 962 1429 2667">
     <span class='ocr_line' id='line_1_51' title="bbox 783 962 1428 1004; baseline 0.003 -12"><span class='ocrx_word' id='word_1_270' title='bbox 783 963 833 993; x_wconf 91' lang='lat' dir='ltr'><strong>vit</strong></span> <span class='ocrx_word' id='word_1_271' title='bbox 866 962 1118 1002; x_wconf 81' lang='lat' dir='ltr'><strong>interpretibus</strong></span> <span class='ocrx_word' id='word_1_272' title='bbox 1153 963 1249 994; x_wconf 87' lang='lat' dir='ltr'><strong>istud</strong></span> <span class='ocrx_word' id='word_1_273' title='bbox 1287 973 1428 1004; x_wconf 73' lang='grc' dir='ltr'><strong><em>στρατο-</em></strong></span> 
     </span>
     <span class='ocr_line' id='line_1_52' title="bbox 782 1006 1429 1050; baseline 0.005 -12"><span class='ocrx_word' id='word_1_274' title='bbox 782 1006 911 1045; x_wconf 76' lang='grc' dir='ltr'><strong><em>πέδοις,</em></strong></span> <span class='ocrx_word' id='word_1_275' title='bbox 938 1008 1034 1048; x_wconf 87' lang='lat' dir='ltr'><strong>quod</strong></span> <span class='ocrx_word' id='word_1_276' title='bbox 1051 1008 1118 1039; x_wconf 79' lang='lat' dir='ltr'><strong>fuit</strong></span> <span class='ocrx_word' id='word_1_277' title='bbox 1133 1018 1239 1049; x_wconf 91' lang='lat' dir='ltr'><strong>quum</strong></span> <span class='ocrx_word' id='word_1_278' title='bbox 1255 1009 1323 1050; x_wconf 88' lang='lat' dir='ltr'><strong>ipsi</strong></span> <span class='ocrx_word' id='word_1_279' title='bbox 1342 1019 1429 1050; x_wconf 91' lang='lat' dir='ltr'><strong>quo-</strong></span> 
     </span>
     <span class='ocr_line' id='line_1_53' title="bbox 782 1055 1429 1095; baseline 0.003 -10"><span class='ocrx_word' id='word_1_280' title='bbox 782 1064 862 1095; x_wconf 87' lang='lat' dir='ltr'><strong>que,</strong></span> <span class='ocrx_word' id='word_1_281' title='bbox 891 1055 1010 1086; x_wconf 86' lang='lat' dir='ltr'><strong>Astii</strong></span> <span class='ocrx_word' id='word_1_282' title='bbox 1036 1055 1178 1095; x_wconf 81' lang='lat' dir='ltr'><strong>sequuti</strong></span> <span class='ocrx_word' id='word_1_283' title='bbox 1203 1056 1429 1095; x_wconf 80' lang='lat' dir='ltr'><strong>sententiam,</strong></span> 
     </span>
     <span class='ocr_line' id='line_1_54' title="bbox 782 1100 1427 1141; baseline 0.002 -10"><span class='ocrx_word' id='word_1_284' title='bbox 782 1110 847 1141; x_wconf 91' lang='lat' dir='ltr'><strong>pro</strong></span> <span class='ocrx_word' id='word_1_285' title='bbox 873 1100 1062 1132; x_wconf 85' lang='lat' dir='ltr'><strong>subditicio</strong></span> <span class='ocrx_word' id='word_1_286' title='bbox 1088 1100 1310 1134; x_wconf 82' lang='lat' dir='ltr'><strong>haberemus.</strong></span> <span class='ocrx_word' id='word_1_287' title='bbox 1357 1100 1427 1133; x_wconf 88' lang='lat' dir='ltr'><strong>Sed</strong></span> 
     </span>
     <span class='ocr_line' id='line_1_55' title="bbox 781 1146 1427 1180; baseline 0.002 -2"><span class='ocrx_word' id='word_1_288' title='bbox 781 1146 872 1178; x_wconf 86' lang='lat' dir='ltr'><strong>nihil</strong></span> <span class='ocrx_word' id='word_1_289' title='bbox 898 1156 990 1179; x_wconf 88' lang='lat' dir='ltr'><strong>nunc</strong></span> <span class='ocrx_word' id='word_1_290' title='bbox 1015 1148 1052 1178; x_wconf 90' lang='lat' dir='ltr'><strong>in</strong></span> <span class='ocrx_word' id='word_1_291' title='bbox 1078 1146 1145 1178; x_wconf 90' lang='lat' dir='ltr'><strong>hoc</strong></span> <span class='ocrx_word' id='word_1_292' title='bbox 1170 1148 1346 1180; x_wconf 81' lang='lat' dir='ltr'><strong>vocabulo</strong></span> <span class='ocrx_word' id='word_1_293' title='bbox 1372 1147 1427 1179; x_wconf 88' lang='lat' dir='ltr'><strong>in-</strong></span> 
     </span>
     <span class='ocr_line' id='line_1_56' title="bbox 782 1193 1426 1234; baseline 0 -10"><span class='ocrx_word' id='word_1_294' title='bbox 782 1202 860 1224; x_wconf 83' lang='lat' dir='ltr'><strong>esse</strong></span> <span class='ocrx_word' id='word_1_295' title='bbox 884 1197 1048 1233; x_wconf 84' lang='lat' dir='ltr'><strong>putamus</strong></span> <span class='ocrx_word' id='word_1_296' title='bbox 1075 1193 1172 1234; x_wconf 92' lang='lat' dir='ltr'><strong>quod</strong></span> <span class='ocrx_word' id='word_1_297' title='bbox 1196 1194 1301 1226; x_wconf 84' lang='lat' dir='ltr'><strong>alicui</strong></span> <span class='ocrx_word' id='word_1_298' title='bbox 1324 1193 1426 1227; x_wconf 86' lang='lat' dir='ltr'><strong>meri-</strong></span> 
     </span>
     <span class='ocr_line' id='line_1_57' title="bbox 784 1239 1425 1280; baseline 0 -10"><span class='ocrx_word' id='word_1_299' title='bbox 784 1243 820 1271; x_wconf 92' lang='lat' dir='ltr'><strong>to</strong></span> <span class='ocrx_word' id='word_1_300' title='bbox 852 1239 980 1279; x_wconf 79' lang='lat' dir='ltr'><strong>possit</strong></span> <span class='ocrx_word' id='word_1_301' title='bbox 1025 1240 1229 1280; x_wconf 85' lang='lat' dir='ltr'><strong>scrupulum</strong></span> <span class='ocrx_word' id='word_1_302' title='bbox 1268 1241 1425 1272; x_wconf 85' lang='lat' dir='ltr'><strong>iniicere.</strong></span> 
     </span>
     <span class='ocr_line' id='line_1_58' title="bbox 783 1285 1426 1328; baseline 0.002 -11"><span class='ocrx_word' id='word_1_303' title='bbox 783 1285 875 1317; x_wconf 80' lang='lat' dir='ltr'><strong>Nam</strong></span> <span class='ocrx_word' id='word_1_304' title='bbox 916 1285 1058 1318; x_wconf 83' lang='lat' dir='ltr'><strong>dativus</strong></span> <span class='ocrx_word' id='word_1_305' title='bbox 1099 1286 1156 1317; x_wconf 90' lang='lat' dir='ltr'><strong>hic</strong></span> <span class='ocrx_word' id='word_1_306' title='bbox 1193 1286 1426 1328; x_wconf 83' lang='lat' dir='ltr'><strong>interpositus</strong></span> 
     </span>
     <span class='ocr_line' id='line_1_59' title="bbox 783 1332 1427 1373; baseline 0 -9"><span class='ocrx_word' id='word_1_307' title='bbox 783 1336 854 1372; x_wconf 86' lang='lat' dir='ltr'><strong>est,</strong></span> <span class='ocrx_word' id='word_1_308' title='bbox 895 1335 934 1362; x_wconf 87' lang='lat' dir='ltr'><strong>ut</strong></span> <span class='ocrx_word' id='word_1_309' title='bbox 976 1332 1195 1373; x_wconf 86' lang='lat' dir='ltr'><strong>significetur</strong></span> <span class='ocrx_word' id='word_1_310' title='bbox 1220 1333 1427 1373; x_wconf 41' lang='lat' dir='ltr'><strong>sexercitum</strong></span> 
     </span>
     <span class='ocr_line' id='line_1_60' title="bbox 782 1378 1425 1411; baseline 0 -1"><span class='ocrx_word' id='word_1_311' title='bbox 782 1378 826 1410; x_wconf 89' lang='lat' dir='ltr'><strong>ab</strong></span> <span class='ocrx_word' id='word_1_312' title='bbox 865 1379 1022 1410; x_wconf 86' lang='lat' dir='ltr'><strong>exercitu</strong></span> <span class='ocrx_word' id='word_1_313' title='bbox 1054 1379 1142 1410; x_wconf 87' lang='lat' dir='ltr'><strong>elam</strong></span> <span class='ocrx_word' id='word_1_314' title='bbox 1178 1378 1425 1411; x_wconf 84' lang='lat' dir='ltr'><strong>circumveniri</strong></span> 
     </span>
     <span class='ocr_line' id='line_1_61' title="bbox 782 1425 1426 1466; baseline 0.002 -10"><span class='ocrx_word' id='word_1_315' title='bbox 782 1431 888 1465; x_wconf 85' lang='lat' dir='ltr'><strong>atque</strong></span> <span class='ocrx_word' id='word_1_316' title='bbox 928 1425 1075 1465; x_wconf 85' lang='lat' dir='ltr'><strong>spoliari</strong></span> <span class='ocrx_word' id='word_1_317' title='bbox 1118 1425 1242 1457; x_wconf 88' lang='lat' dir='ltr'><strong>solere.</strong></span> <span class='ocrx_word' id='word_1_318' title='bbox 1299 1426 1426 1466; x_wconf 86' lang='lat' dir='ltr'><strong>Itaque</strong></span> 
     </span>
     <span class='ocr_line' id='line_1_62' title="bbox 780 1471 1425 1512; baseline 0.002 -11"><span class='ocrx_word' id='word_1_319' title='bbox 780 1471 879 1502; x_wconf 84' lang='lat' dir='ltr'><strong>loeus</strong></span> <span class='ocrx_word' id='word_1_320' title='bbox 916 1474 967 1502; x_wconf 81' lang='lat' dir='ltr'><strong>sic</strong></span> <span class='ocrx_word' id='word_1_321' title='bbox 1000 1471 1231 1512; x_wconf 83' lang='lat' dir='ltr'><strong>explicandus</strong></span> <span class='ocrx_word' id='word_1_322' title='bbox 1268 1472 1425 1504; x_wconf 86' lang='lat' dir='ltr'><strong>videtur:</strong></span> 
     </span>
     <span class='ocr_line' id='line_1_63' title="bbox 780 1517 1425 1550; baseline 0.003 -3"><span class='ocrx_word' id='word_1_323' title='bbox 780 1517 915 1548; x_wconf 83' lang='lat' dir='ltr'><strong>etiam</strong></span> <span class='ocrx_word' id='word_1_324' title='bbox 941 1517 1067 1548; x_wconf 77' lang='lat' dir='ltr'><strong>furta</strong></span> <span class='ocrx_word' id='word_1_325' title='bbox 1093 1522 1179 1548; x_wconf 89' lang='lat' dir='ltr'><strong>tum</strong></span> <span class='ocrx_word' id='word_1_326' title='bbox 1205 1518 1425 1550; x_wconf 86' lang='lat' dir='ltr'><strong>latronum</strong></span> 
     </span>
     <span class='ocr_line' id='line_1_64' title="bbox 779 1564 1424 1596; baseline 0.003 -2"><span class='ocrx_word' id='word_1_327' title='bbox 779 1567 866 1594; x_wconf 87' lang='lat' dir='ltr'><strong>tum</strong></span> <span class='ocrx_word' id='word_1_328' title='bbox 896 1564 1170 1595; x_wconf 87' lang='lat' dir='ltr'><strong>exercituum</strong></span> <span class='ocrx_word' id='word_1_329' title='bbox 1201 1565 1284 1596; x_wconf 88' lang='lat' dir='ltr'><strong>adv</strong></span> <span class='ocrx_word' id='word_1_330' title='bbox 1323 1574 1424 1596; x_wconf 88' lang='lat' dir='ltr'><strong>rsus</strong></span> 
     </span>
     <span class='ocr_line' id='line_1_65' title="bbox 780 1610 1422 1644; baseline 0.005 -4"><span class='ocrx_word' id='word_1_331' title='bbox 780 1610 1003 1641; x_wconf 82' lang='lat' dir='ltr'><strong>exercitus</strong></span> <span class='ocrx_word' id='word_1_332' title='bbox 1029 1615 1128 1641; x_wconf 86' lang='lat' dir='ltr'><strong>sunt</strong></span> <span class='ocrx_word' id='word_1_333' title='bbox 1154 1615 1281 1644; x_wconf 87' lang='lat' dir='ltr'><strong>venat</strong></span> <span class='ocrx_word' id='word_1_334' title='bbox 1308 1620 1422 1643; x_wconf 78' lang='lat' dir='ltr'><strong>ones·</strong></span> 
     </span>
     <span class='ocr_line' id='line_1_66' title="bbox 780 1653 1423 1697; baseline 0.003 -11"><span class='ocrx_word' id='word_1_335' title='bbox 780 1653 1000 1697; x_wconf 84' lang='lat' dir='ltr'><strong>Quamquam</strong></span> <span class='ocrx_word' id='word_1_336' title='bbox 1019 1661 1177 1697; x_wconf 88' lang='lat' dir='ltr'><strong>praestat</strong></span> <span class='ocrx_word' id='word_1_337' title='bbox 1199 1656 1353 1689; x_wconf 80' lang='lat' dir='ltr'><strong>fortasse</strong></span> <span class='ocrx_word' id='word_1_338' title='bbox 1369 1666 1423 1688; x_wconf 86' lang='lat' dir='ltr'><strong>re-</strong></span> 
     </span>
     <span class='ocr_line' id='line_1_67' title="bbox 779 1701 1422 1743; baseline 0.003 -11"><span class='ocrx_word' id='word_1_339' title='bbox 779 1701 915 1741; x_wconf 82' lang='lat' dir='ltr'><strong>fingere</strong></span> <span class='ocrx_word' id='word_1_340' title='bbox 948 1703 1064 1734; x_wconf 83' lang='lat' dir='ltr'><strong>locum</strong></span> <span class='ocrx_word' id='word_1_341' title='bbox 1087 1703 1158 1734; x_wconf 84' lang='lat' dir='ltr'><strong>sic:</strong></span> <span class='ocrx_word' id='word_1_342' title='bbox 1194 1703 1248 1734; x_wconf 85' lang='grc' dir='ltr'><strong>καὶ</strong></span> <span class='ocrx_word' id='word_1_343' title='bbox 1282 1712 1422 1743; x_wconf 79' lang='grc' dir='ltr'><strong><em>στρατο-</em></strong></span> 
     </span>
     <span class='ocr_line' id='line_1_68' title="bbox 781 1745 1424 1791; baseline 0.006 -14"><span class='ocrx_word' id='word_1_344' title='bbox 781 1745 895 1778; x_wconf 77' lang='grc' dir='ltr'><strong><em>πέδων</em></strong></span> <span class='ocrx_word' id='word_1_345' title='bbox 909 1746 945 1778; x_wconf 74' lang='grc' dir='ltr'><strong>ἐν</strong></span> <span class='ocrx_word' id='word_1_346' title='bbox 965 1746 1211 1789; x_wconf 73' lang='grc' dir='ltr'><strong>στρατοπέδοις</strong></span> <span class='ocrx_word' id='word_1_347' title='bbox 1225 1749 1424 1791; x_wconf 50' lang='grc' dir='ltr'><strong><em>θῆραιμμιε.</em></strong></span> 
     </span>
     <span class='ocr_line' id='line_1_69' title="bbox 781 1794 1424 1836; baseline 0.003 -12"><span class='ocrx_word' id='word_1_348' title='bbox 781 1794 1026 1825; x_wconf 80' lang='lat' dir='ltr'><strong>emendatione</strong></span> <span class='ocrx_word' id='word_1_349' title='bbox 1052 1794 1219 1827; x_wconf 82' lang='lat' dir='ltr'><strong>facillime</strong></span> <span class='ocrx_word' id='word_1_350' title='bbox 1235 1796 1424 1836; x_wconf 88' lang='lat' dir='ltr'><strong>expeditur</strong></span> 
     </span>
     <span class='ocr_line' id='line_1_70' title="bbox 780 1839 1422 1882; baseline 0.003 -12"><span class='ocrx_word' id='word_1_351' title='bbox 780 1839 968 1871; x_wconf 84' lang='lat' dir='ltr'><strong>verborum</strong></span> <span class='ocrx_word' id='word_1_352' title='bbox 1008 1840 1224 1872; x_wconf 71' lang='lat' dir='ltr'><strong>cotsstrfictio</strong></span> <span class='ocrx_word' id='word_1_353' title='bbox 1264 1842 1422 1882; x_wconf 84' lang='lat' dir='ltr'><strong>alioquin</strong></span> 
     </span>
     <span class='ocr_line' id='line_1_71' title="bbox 779 1885 1423 1928; baseline 0.006 -13"><span class='ocrx_word' id='word_1_354' title='bbox 779 1886 903 1926; x_wconf 88' lang='lat' dir='ltr'><strong>utique</strong></span> <span class='ocrx_word' id='word_1_355' title='bbox 937 1885 1107 1918; x_wconf 83' lang='lat' dir='ltr'><strong>difficilis.</strong></span> <span class='ocrx_word' id='word_1_356' title='bbox 1167 1886 1423 1928; x_wconf 81' lang='lat' dir='ltr'><strong>Significantur</strong></span> 
     </span>
     <span class='ocr_line' id='line_1_72' title="bbox 779 1933 1420 1974; baseline 0.005 -12"><span class='ocrx_word' id='word_1_357' title='bbox 779 1938 908 1973; x_wconf 78' lang='lat' dir='ltr'><strong>autem,</strong></span> <span class='ocrx_word' id='word_1_358' title='bbox 930 1942 972 1963; x_wconf 87' lang='lat' dir='ltr'><strong>ea</strong></span> <span class='ocrx_word' id='word_1_359' title='bbox 986 1933 1123 1964; x_wconf 83' lang='lat' dir='ltr'><strong>ratione</strong></span> <span class='ocrx_word' id='word_1_360' title='bbox 1135 1934 1302 1974; x_wconf 85' lang='lat' dir='ltr'><strong>admissa,</strong></span> <span class='ocrx_word' id='word_1_361' title='bbox 1327 1933 1420 1965; x_wconf 79' lang='lat' dir='ltr'><strong>elan-</strong></span> 
     </span>
     <span class='ocr_line' id='line_1_73' title="bbox 780 1977 1421 2011; baseline 0.005 -3"><span class='ocrx_word' id='word_1_362' title='bbox 780 1978 940 2009; x_wconf 82' lang='lat' dir='ltr'><strong>destinae</strong></span> <span class='ocrx_word' id='word_1_363' title='bbox 980 1977 1170 2010; x_wconf 88' lang='lat' dir='ltr'><strong>&#39;hostilium</strong></span> <span class='ocrx_word' id='word_1_364' title='bbox 1223 1984 1421 2011; x_wconf 82' lang='lat' dir='ltr'><strong>castrorum</strong></span> 
     </span>
     <span class='ocr_line' id='line_1_74' title="bbox 780 2025 1422 2065; baseline 0.005 -10"><span class='ocrx_word' id='word_1_365' title='bbox 780 2025 1051 2065; x_wconf 79' lang='lat' dir='ltr'><strong>aggressiones,</strong></span> <span class='ocrx_word' id='word_1_366' title='bbox 1094 2030 1132 2057; x_wconf 85' lang='lat' dir='ltr'><strong>ut</strong></span> <span class='ocrx_word' id='word_1_367' title='bbox 1174 2025 1256 2058; x_wconf 86' lang='lat' dir='ltr'><strong>inde</strong></span> <span class='ocrx_word' id='word_1_368' title='bbox 1299 2026 1422 2058; x_wconf 81' lang='lat' dir='ltr'><strong>furtim</strong></span> 
     </span>
     <span class='ocr_line' id='line_1_75' title="bbox 781 2070 1420 2111; baseline 0.002 -10"><span class='ocrx_word' id='word_1_369' title='bbox 781 2070 912 2111; x_wconf 87' lang='lat' dir='ltr'><strong>praeda</strong></span> <span class='ocrx_word' id='word_1_370' title='bbox 935 2071 1104 2111; x_wconf 83' lang='lat' dir='ltr'><strong>capiatur.</strong></span> <span class='ocrx_word' id='word_1_371' title='bbox 1153 2071 1294 2104; x_wconf 88' lang='lat' dir='ltr'><strong>Etenim</strong></span> <span class='ocrx_word' id='word_1_372' title='bbox 1321 2082 1420 2111; x_wconf 75' lang='grc' dir='ltr'><strong><em>ατρα-</em></strong></span> 
     </span>
     <span class='ocr_line' id='line_1_76' title="bbox 782 2113 1420 2158; baseline 0.003 -11"><span class='ocrx_word' id='word_1_373' title='bbox 782 2113 907 2147; x_wconf 79' lang='grc' dir='ltr'><strong><em>τόπεδα</em></strong></span> <span class='ocrx_word' id='word_1_374' title='bbox 943 2126 1050 2158; x_wconf 86' lang='lat' dir='ltr'><strong>quum</strong></span> <span class='ocrx_word' id='word_1_375' title='bbox 1086 2122 1129 2149; x_wconf 73' lang='lat' dir='ltr'><strong>et‘</strong></span> <span class='ocrx_word' id='word_1_376' title='bbox 1155 2123 1303 2151; x_wconf 86' lang='lat' dir='ltr'><strong>castra</strong></span> <span class='ocrx_word' id='word_1_377' title='bbox 1338 2119 1420 2157; x_wconf 87' lang='lat' dir='ltr'><strong>sint,</strong></span> 
     </span>
     <span class='ocr_line' id='line_1_77' title="bbox 779 2164 1419 2202; baseline 0.003 -8"><span class='ocrx_word' id='word_1_378' title='bbox 779 2167 814 2194; x_wconf 87' lang='lat' dir='ltr'><strong>et</strong></span> <span class='ocrx_word' id='word_1_379' title='bbox 854 2164 1080 2195; x_wconf 87' lang='lat' dir='ltr'><strong>exercitus</strong></span> <span class='ocrx_word' id='word_1_380' title='bbox 1124 2164 1191 2195; x_wconf 91' lang='lat' dir='ltr'><strong>vel</strong></span> <span class='ocrx_word' id='word_1_381' title='bbox 1234 2165 1419 2202; x_wconf 75' lang='lat' dir='ltr'><strong>milite53</strong></span> 
     </span>
     <span class='ocr_line' id='line_1_78' title="bbox 777 2209 1419 2251; baseline 0.002 -11"><span class='ocrx_word' id='word_1_382' title='bbox 777 2209 988 2240; x_wconf 79' lang='lat' dir='ltr'><strong>vocabulum</strong></span> <span class='ocrx_word' id='word_1_383' title='bbox 1022 2220 1085 2250; x_wconf 87' lang='lat' dir='ltr'><strong>per</strong></span> <span class='ocrx_word' id='word_1_384' title='bbox 1121 2210 1291 2251; x_wconf 88' lang='lat' dir='ltr'><strong>dilogiam</strong></span> <span class='ocrx_word' id='word_1_385' title='bbox 1327 2220 1419 2242; x_wconf 87' lang='lat' dir='ltr'><strong>nunc</strong></span> 
     </span>
     <span class='ocr_line' id='line_1_79' title="bbox 777 2257 1417 2298; baseline 0.002 -11"><span class='ocrx_word' id='word_1_386' title='bbox 777 2260 926 2296; x_wconf 89' lang='lat' dir='ltr'><strong>utroque</strong></span> <span class='ocrx_word' id='word_1_387' title='bbox 943 2265 1049 2287; x_wconf 87' lang='lat' dir='ltr'><strong>sensu</strong></span> <span class='ocrx_word' id='word_1_388' title='bbox 1064 2257 1215 2297; x_wconf 79' lang='lat' dir='ltr'><strong>positum</strong></span> <span class='ocrx_word' id='word_1_389' title='bbox 1237 2261 1300 2294; x_wconf 85' lang='lat' dir='ltr'><strong>est,</strong></span> <span class='ocrx_word' id='word_1_390' title='bbox 1323 2257 1417 2298; x_wconf 88' lang='lat' dir='ltr'><strong>quod</strong></span> 
     </span>
     <span class='ocr_line' id='line_1_80' title="bbox 776 2301 1417 2343; baseline 0.002 -10"><span class='ocrx_word' id='word_1_391' title='bbox 776 2311 847 2333; x_wconf 89' lang='lat' dir='ltr'><strong>non</strong></span> <span class='ocrx_word' id='word_1_392' title='bbox 884 2301 1052 2333; x_wconf 86' lang='lat' dir='ltr'><strong>abhorret</strong></span> <span class='ocrx_word' id='word_1_393' title='bbox 1076 2302 1120 2334; x_wconf 89' lang='lat' dir='ltr'><strong>ab</strong></span> <span class='ocrx_word' id='word_1_394' title='bbox 1150 2313 1215 2334; x_wconf 88' lang='lat' dir='ltr'><strong>usu</strong></span> <span class='ocrx_word' id='word_1_395' title='bbox 1249 2302 1417 2343; x_wconf 85' lang='lat' dir='ltr'><strong>loquendi</strong></span> 
     </span>
     <span class='ocr_line' id='line_1_81' title="bbox 777 2347 1416 2389; baseline 0.006 -12"><span class='ocrx_word' id='word_1_396' title='bbox 777 2347 918 2379; x_wconf 78' lang='lat' dir='ltr'><strong>Platoni</strong></span> <span class='ocrx_word' id='word_1_397' title='bbox 943 2349 1102 2389; x_wconf 85' lang='lat' dir='ltr'><strong>proprio.</strong></span> <span class='ocrx_word' id='word_1_398' title='bbox 1140 2349 1259 2380; x_wconf 82' lang='lat' dir='ltr'><strong>Etiam</strong></span> <span class='ocrx_word' id='word_1_399' title='bbox 1285 2358 1367 2380; x_wconf 82' lang='lat' dir='ltr'><strong>mox</strong></span> <span class='ocrx_word' id='word_1_400' title='bbox 1384 2358 1416 2388; x_wconf 88' lang='lat' dir='ltr'><strong>p.</strong></span> 
     </span>
     <span class='ocr_line' id='line_1_82' title="bbox 773 2390 1418 2435; baseline -0.003 -8"><span class='ocrx_word' id='word_1_401' title='bbox 773 2393 852 2428; x_wconf 85' lang='lat'>8&#39;23.</span> <span class='ocrx_word' id='word_1_402' title='bbox 886 2393 917 2424; x_wconf 79' lang='lat' dir='ltr'>E</span> <span class='ocrx_word' id='word_1_403' title='bbox 974 2394 1140 2426; x_wconf 72' lang='grc' dir='ltr'><strong>κλωπείας</strong></span> <span class='ocrx_word' id='word_1_404' title='bbox 1181 2391 1216 2425; x_wconf 79' lang='grc' dir='ltr'><strong>δ’</strong></span> <span class='ocrx_word' id='word_1_405' title='bbox 1252 2393 1290 2426; x_wconf 77' lang='grc' dir='ltr'><strong>ἐν</strong></span> <span class='ocrx_word' id='word_1_406' title='bbox 1323 2390 1418 2435; x_wconf 73' lang='grc' dir='ltr'><strong>χώρᾳ</strong></span> 
     </span>
     <span class='ocr_line' id='line_1_83' title="bbox 776 2436 1416 2482; baseline 0 -11"><span class='ocrx_word' id='word_1_407' title='bbox 776 2439 830 2471; x_wconf 77' lang='grc' dir='ltr'><strong>καὶ</strong></span> <span class='ocrx_word' id='word_1_408' title='bbox 864 2436 969 2471; x_wconf 77' lang='grc' dir='ltr'><strong><em>πόλει.</em></strong></span> <span class='ocrx_word' id='word_1_409' title='bbox 1019 2440 1089 2472; x_wconf 89' lang='lat' dir='ltr'><strong>Pro</strong></span> <span class='ocrx_word' id='word_1_410' title='bbox 1126 2441 1285 2472; x_wconf 76' lang='grc' dir='ltr'><strong><em>κλωπεῖαι</em></strong></span> <span class='ocrx_word' id='word_1_411' title='bbox 1321 2441 1416 2482; x_wconf 90' lang='lat' dir='ltr'><strong>quod</strong></span> 
     </span>
     <span class='ocr_line' id='line_1_84' title="bbox 775 2485 1418 2527; baseline 0.002 -11"><span class='ocrx_word' id='word_1_412' title='bbox 775 2486 811 2517; x_wconf 85' lang='lat' dir='ltr'><strong>in</strong></span> <span class='ocrx_word' id='word_1_413' title='bbox 857 2485 956 2518; x_wconf 81' lang='lat' dir='ltr'><strong>libris</strong></span> <span class='ocrx_word' id='word_1_414' title='bbox 1006 2487 1214 2527; x_wconf 79' lang='lat' dir='ltr'><strong>quibusdam</strong></span> <span class='ocrx_word' id='word_1_415' title='bbox 1265 2486 1418 2518; x_wconf 73' lang='grc' dir='ltr'><strong><em>κλοπεῖαι</em></strong></span> 
     </span>
     <span class='ocr_line' id='line_1_85' title="bbox 776 2532 1417 2574; baseline 0.002 -11"><span class='ocrx_word' id='word_1_416' title='bbox 776 2532 943 2572; x_wconf 85' lang='lat' dir='ltr'><strong>scriptum</strong></span> <span class='ocrx_word' id='word_1_417' title='bbox 980 2532 1129 2574; x_wconf 84' lang='lat' dir='ltr'><strong>legitur,</strong></span> <span class='ocrx_word' id='word_1_418' title='bbox 1174 2533 1340 2574; x_wconf 84' lang='lat' dir='ltr'><strong>exposuit</strong></span> <span class='ocrx_word' id='word_1_419' title='bbox 1373 2532 1417 2564; x_wconf 84' lang='lat' dir='ltr'><strong>de</strong></span> 
     </span>
     <span class='ocr_line' id='line_1_86' title="bbox 777 2577 1415 2620; baseline 0.003 -12"><span class='ocrx_word' id='word_1_420' title='bbox 777 2577 842 2609; x_wconf 80' lang='lat' dir='ltr'><strong>hac</strong></span> <span class='ocrx_word' id='word_1_421' title='bbox 867 2578 1062 2619; x_wconf 80' lang='lat' dir='ltr'><strong>scripturae</strong></span> <span class='ocrx_word' id='word_1_422' title='bbox 1086 2579 1327 2620; x_wconf 66' lang='lat' dir='ltr'><strong>discrepantia</strong></span> <span class='ocrx_word' id='word_1_423' title='bbox 1339 2577 1415 2610; x_wconf 87' lang='lat' dir='ltr'><strong>Lo-</strong></span> 
     </span>
     <span class='ocr_line' id='line_1_87' title="bbox 777 2623 1412 2667; baseline 0.002 -13"><span class='ocrx_word' id='word_1_424' title='bbox 777 2623 957 2656; x_wconf 76' lang='lat' dir='ltr'><strong>beekius</strong></span> <span class='ocrx_word' id='word_1_425' title='bbox 986 2625 1030 2657; x_wconf 79' lang='lat' dir='ltr'><strong>ad</strong></span> <span class='ocrx_word' id='word_1_426' title='bbox 1056 2624 1249 2666; x_wconf 83' lang='lat' dir='ltr'><strong>Phrynich.</strong></span> <span class='ocrx_word' id='word_1_427' title='bbox 1275 2635 1307 2667; x_wconf 83' lang='lat' dir='ltr'><strong>p.</strong></span> <span class='ocrx_word' id='word_1_428' title='bbox 1334 2623 1412 2660; x_wconf 80' lang='lat'><strong>591.</strong></span> 
     </span>
    </p>
   </div>
   <div class='ocr_carea' id='block_1_9' title="bbox 1464 595 1500 634">
    <p class='ocr_par' dir='ltr' id='par_1_10' title="bbox 1464 595 1500 634">
     <span class='ocr_line' id='line_1_88' title="bbox 1464 595 1500 634; baseline 0 0"><span class='ocrx_word' id='word_1_429' title='bbox 1464 595 1500 634; x_wconf 73' lang='lat'><strong>(3</strong></span> 
     </span>
    </p>
   </div>
  </div>
 </body>
</html>
