1644 2886
248 100 329 141 442

358 217 481 277 ΑΘ..
526 216 682 263 Καλῶς
717 213 947 270 ὑπέλαβες’

731 100 1027 144 PLATON
1048 102 1113 146 IS

992 215 1102 260 αὐτὸ
1140 215 1226 272 γὰρ
1264 219 1394 261 τοῦτο
1441 211 1494 270 ἦν
1531 217 1581 260 τὸ

253 280 359 335 παρ’
402 281 507 334 ἐμοῦ
539 283 718 335 λεχθέν,
755 279 826 324 ὅτι
861 287 1013 337 τέχνην
1048 279 1126 334 ἐγώ
1163 281 1273 337 πρὸς
1310 284 1471 326 τοῦτον
1505 282 1586 326 τὸν

254 344 393 400 νόμον
438 348 576 400 ἔχοιμι
620 348 699 389 τοῦ
742 346 854 389 κατὰ
899 347 1031 406 φύσιν
1070 351 1273 404 χρῆσθαι
1320 350 1398 401 τῆς
1431 352 1587 391 naseo-

255 414 408 464 γονίας
440 415 668 466 συνουσίᾳ,
715 415 795 454 τοῦ
827 415 907 468 μὲν
940 411 1129 471 ἄῤῥενος
1162 419 1481 469 απεχομενους,
1525 413 1585 469 μὴ

255 475 509 526 κτείνοντάς
545 493 589 520 τε
623 482 668 520 ἐκ
705 482 918 533 προνοίας
954 482 1002 523 τὸ
1037 481 1121 523 τῶν
1156 478 1415 536 ἀνθρώπων
1450 484 1576 534 γένος

254 541 354 598 μηδ’

409 546 468 592 εὶς
510 549 670 599 πέτρας
704 560 748 586 τε
782 546 855 587 καὶ
888 547 1051 594 λίθους
1090 548 1372 602 σπείροντας,
1417 538 1470 589 οὗ
1503 543 1587 601 μή·

142 621 225 662 839
255 624 362 651 ποτε
410 606 543 666 φύσιν
586 608 668 660 τὴν
711 607 854 653 αὑτοῦ
899 609 1090 668 ῥιζωθὲν
1146 610 1337 668 λήψεται
1393 609 1586 666 γόνιμον,

254 673 550 730 ἀπεχομένους
594 676 639 717 δὲ
685 674 884 732 ἀρουρας
929 679 1114 729 θηλειας
1156 675 1322 729 πάσης,
1364 682 1410 719 ὲν
1456 671 1481 736 ᾖ
1527 675 1585 732 μὴ

349 811 387 846 Ρ.
413 812 493 846 839.
543 810 585 843 ἐν
619 805 638 852 ᾗ
677 811 726 853 μὴ
767 810 962 854 βούλοιτ’
991 812 1056 856 ἅν]
1092 811 1234 854 βούλοι’
1262 812 1323 854 ἄν,

1367 811 1405 845 Ω.
1434 824 1465 848 a.
1498 813 1527 846 δ.
1553 815 1586 845 in

254 866 363 897 marg.
388 863 423 889 et
435 858 508 890 Ric.
534 859 568 889 in
593 865 768 890 contextu.
797 860 1020 893 Scribebatm·
1043 857 1208 899 βούλοιτο
1224 857 1276 896 ἅν,
1305 860 1398 900 quod
1426 870 1468 891 ex
1495 870 1587 892 com-

255 903 413 944 pluribus
440 904 538 934 libris
564 904 705 936 mutavi.

346 948 413 978 καὶ
440 945 644 987 πωμάτων
670 949 736 979 καὶ
761 947 910 989 σίτων]
937 949 979 982 V.
1006 947 1166 988 πομάτων
1191 949 1244 980 καὶ
1270 950 1393 980 σιτίων.
1431 947 1583 990 Scriptu-

254 1002 327 1024 ram
354 991 519 1032 πωμάεων
543 998 658 1024 tuetur
688 992 728 1025 Ω.
755 999 842 1026 teste
866 994 1027 1026 Bekkero
1052 1005 1084 1027 v.
1110 995 1155 1026 ad
1185 994 1315 1027 Phileb.
1341 1004 1374 1035 p.
1401 994 1455 1028 34.
1472 995 1514 1026 Ε.
1529 994 1584 1028 35.

255 1115 329 1136 mus
354 1105 408 1137 his
442 1105 557 1136 verbis
589 1104 768 1145 lineolam,
804 1114 888 1145 apo-

253 1151 402 1192 siopesis
442 1151 602 1182 indicem.
657 1149 793 1182 Reticet
827 1159 888 1180 au-

255 1200 323 1227 tem
362 1196 517 1227 modeste
557 1199 592 1226 et
635 1195 766 1227 urbane
814 1194 888 1226 fere

254 1241 337 1272 hoc:
361 1241 483 1272 istud
508 1238 677 1282 quidem
703 1240 888 1272 nondum

254 1287 485 1328 intelligo,
511 1285 576 1328 vel,
607 1286 724 1317 scire
747 1285 888 1318 adhuc

253 1333 396 1372 cupio.
447 1332 530 1363 Alia
558 1331 594 1362 id
625 1341 734 1370 genus
769 1331 887 1362 notavi

252 1377 296 1408 ad
329 1377 537 1418 Euthydem.
562 1386 595 1417 p.
622 1376 702 1409 271.
730 1378 774 1407 A.
825 1375 887 1407 Se-

252 1432 312 1453 cus
339 1423 426 1454 haec
450 1423 697 1462 interpretatur
720 1421 886 1459 Astius‚

251 1468 309 1508 qui
360 1464 504 1508 ὁραιέον
541 1465 635 1497 ἐσιίν
673 1471 734 1502 aut
773 1466 886 1498 simile

251 1513 418 1553 quiddam
445 1521 667 1553 suppressum
693 1521 768 1543 esse
792 1511 884 1542 arbi-

251 1562 372 1590 tratur.
421 1557 534 1588 Multo
572 1557 687 1588 minus
716 1566 798 1587 vero
823 1566 884 1587 nu-

251 1604 398 1634 diendus
429 1609 482 1634 est
505 1602 790 1640 Hermaunus‚
823 1603 883 1641 qui

251 1653 356 1679 antea.
392 1644 488 1679 ὅπως
535 1647 703 1678 arbitratu
747 1656 810 1677 suo
847 1646 883 1677 in

254 1693 325 1724 πῶς
342 1695 501 1729 mutavit.
529 1693 611 1732 quia
628 1688 884 1731 ὑπολαμβάνειν

251 1739 452 1779 plerumque
477 1743 606 1770 rectam
638 1737 884 1777 interrogatio-

253 1794 330 1815 nem
361 1785 524 1825 requirat.
584 1783 624 1813 In
655 1792 723 1824 quo
751 1782 883 1813 iudicio

255 1839 298 1861 ne
323 1830 496 1862 tantillum
521 1828 661 1869 quidem
686 1828 760 1859 veri
784 1828 884 1858 inest.

298 1896 374 1927 τοῦ
414 1894 487 1934 μὲν
521 1892 706 1937 ἅῤῥενοε
740 1891 885 1935 ἀπεχο-

251 1940 411 1980 μένους
434 1940 499 1982 -Ῑ
526 1942 756 1974 Accusativus
780 1942 886 1981 parti-

252 1987 421 2028 cipiorum
455 1987 608 2027 pertinet
641 1988 686 2018 ad
725 1986 885 2027 χρῆσθαι,

252 2032 288 2063 in
304 2042 372 2073 quo
390 2033 488 2063 notio
517 2034 733 2072 pronominis
758 2028 886 2062 αὐτούς

252 2077 567 2118 comprehenditur.
606 2077 804 2109 Particulae
826 2076 886 2115 μέν

253 2123 347 2163 qnod
369 2123 529 2163 deinceps
554 2124 742 2163 respondet
769 2133 817 2159 ιε,
849 2122 886 2152 id

251 2177 323 2198 non
340 2168 521 2198 miraberis
537 2169 699 2208 perlectis
716 2169 772 2206 iis,
797 2177 886 2208 quae

252 2212 295 2243 de
316 2213 382 2244 hoc
406 2213 570 2253 loquendi
595 2223 721 2253 genere
746 2213 886 2253 scripsit

252 2257 469 2288 Matthiae
511 2256 571 2289 Gr.
608 2258 626 2298 ξ
671 2258 749 2292 622.
787 2258 818 2291 7.
850 2267 883 2298 p.

253 2301 354 2336 1489.
385 2303 439 2334 ed.
463 2301 496 2335 3.
518 2303 606 2334 conf
645 2304 748 2335 etiam
783 2303 884 2334 Her-

253 2358 342 2379 man
354 2358 387 2379 n.
407 2348 452 2379 ad
470 2347 578 2389 Soph.
594 2349 716 2388 Antig.
734 2358 766 2379 v.
783 2347 883 2381 1148.

254 2392 403 2425 Philoct.
412 2392 515 2426 1410.
527 2393 691 2425 Trachin.
703 2392 804 2427 1224.
818 2393 849 2424 V
858 2393 885 2423 i-

254 2447 338 2478 ger.
364 2448 396 2479 p.
423 2438 501 2471 537.
529 2448 580 2478 sq.
613 2438 774 2471 Ceterum
800 2439 885 2470 reci-

253 2487 303 2514 tat
328 2484 419 2515 hunc
442 2484 556 2514 locum
589 2485 793 2525 Clemens
820 2484 884 2515 Al.

255 2528 406 2569 l'aedag.
440 2528 488 2559 11.
522 2528 574 2561 10.
610 2541 642 2571 p.
674 2527 764 2563 224!
787 2528 829 2559 T.
856 2528 885 2559 1.

252 2574 305 2605 ed.
317 2573 410 2606 Pott.
428 2574 495 2606 iam
512 2574 554 2606 ab
567 2575 696 2607 Astio
713 2574 885 2607 laudatus.

303 2637 397 2681 μηδ’
424 2639 483 2671 ειί·
508 2640 660 2682 πέιραε
689 2653 725 2673 τε
750 2640 814 2673 καὶ
840 2642 886 2672 λί-

955 1102 1070 1135 θους
1112 1101 1392 1144 σπείροντας]
1446 1103 1586 1136 Dictum

954 1148 997 1179 de
1022 1149 1077 1187 iis,
1103 1150 1162 1190 qui
1186 1150 1281 1180 inani
1315 1157 1423 1188 opera
1453 1159 1585 1180 semen-

955 1197 1032 1225 tem'
1048 1194 1190 1226 faciunt.
1215 1194 1302 1226 Inde
1329 1202 1422 1224 nunc
1446 1194 1585 1234 elegan-

954 1244 1006 1270 ter
1045 1240 1253 1272 transfertur
1285 1238 1329 1270 ad
1360 1239 1585 1279 paederastas

954 1285 1156 1326 similesque
1194 1284 1456 1316 homunciones.
1503 1284 1584 1316 Fre-

955 1335 1064 1370 quens
1089 1335 1203 1362 autem
1227 1329 1396 1371 loquendi
1414 1331 1502 1361 ratio
1520 1335 1584 1368 eet,

955 1385 1024 1416 qua.
1058 1375 1247 1407 liberorum
1279 1375 1473 1416 procreatio
1508 1385 1583 1406 cuin

952 1422 1110 1452 aratione
1148 1425 1250 1461 atque
1297 1421 1417 1451 matris
1465 1425 1583 1451 uterus

953 1476 1028 1497 cum
1069 1475 1154 1497 arvo
1193 1465 1312 1505 aliquo
1351 1469 1582 1506 comparatur.

954 1511 1133 1552 Theognis
1159 1521 1190 1542 v.
1218 1509 1294 1543 234.
1322 1506 1430 1550 ἄνδρα
1455 1521 1487 1540 τε
1501 1509 1584 1550 μάρ-

955 1566 1035 1596 γον,
1078 1553 1117 1587 ὃς
1150 1553 1210 1596 τὴν
1241 1550 1414 1596 ἀλλοτρίην
1445 1551 1583 1595 lioti'asz

953 1599 1108 1641 ἄρουραν
1122 1597 1244 1639 ἆροῦι.
1270 1600 1468 1640 Aeschyl.
1485 1600 1579 1641 Sept.

953 1647 1033 1677 adv,
1072 1645 1171 1676 Theb
1217 1644 1294 1678 748.
1349 1643 1582 1699 πατροκτόνον

954 1689 1156 1727 Οἰδιπόδαν,
1190 1686 1266 1720 fiete
1289 1687 1332 1729 μὴ
1365 1688 1452 1730 πρὸς
1477 1687 1582 1744 ἁγνὰν

954 1738 1093 1777 σπείρας
1116 1733 1281 1775 ἄρσεν’,ραι
1307 1730 1347 1765 ἵν’
1364 1733 1504 1776 ἐτράφη,
1530 1731 1580 1776 ρι’-

952 1782 1012 1821 ζαι
1028 1778 1253 1820 αιματᾶεσσαν
1271 1779 1355 1810 §.ti-a
1382 1779 1580 1821 Sophocl.

954 1828 1064 1867 Antig
1043 1837 1076 1867 g.
1103 1837 1134 1857 v.
1158 1825 1236 1859 575.
1263 1824 1341 1858 869.
1375 1824 1460 1856 Oed.
1496 1826 1580 1866 Tyr.

953 1872 1053 1906 1280.
1080 1870 1181 1905 1471.
1209 1869 1309 1903 1483.
1343 1869 1452 1901 Plat.
1492 1871 1582 1902 Tim.

952 1928 986 1958 p.
1011 1917 1066 1951 91.
1099 1917 1143 1948 D.
1175 1917 1220 1947 al.
1254 1914 1324 1946 Sed
1354 1914 1486 1946 affatim
1516 1916 1582 1947 hoe

953 1972 1061 2004 genus
1086 1961 1264 2002 loquendi,
1290 1959 1433 1992 Graecis
1458 1965 1493 1991 et
1514 1961 1580 1992 La-

951 2009 1035 2039 tinis
1074 2015 1255 2038 commune
1287 2005 1391 2044 illud,
1429 2006 1580 2037 illustra-

952 2058 1035 2085 runt
1058 2052 1237 2084 Dorvill.
1269 2050 1313 2081 ad
1339 2050 1518 2084 Chariton,
1547 2061 1579 2091 p,

950 2099 1030 2132 239.
1057 2108 1108 2139 sq.
1126 2107 1167 2127 Ξ
1181 2095 1259 2130 345.
1281 2095 1335 2126 ed.
1352 2095 1447 2137 Lips.
1466 2096 1579 2127 Hem-

951 2144 1139 2176 sterhus.
1174 2142 1218 2172 ad
1243 2141 1385 2173 Lucian.
1412 2141 1491 2172 'rim
1525 2141 1579 2175 17.

952 2189 1127 2221 Barnes.
1151 2188 1195 2218 ad
1210 2186 1331 2226 Eurip.
1346 2185 1459 2226 Iphig.
1473 2186 1578 2218 Taur.

952 2245 982 2266 v.
1008 2233 1040 2268 3.
1067 2234 1176 2274 intpp.
1201 2231 1246 2264 ad
1265 2231 1440 2263 Aristaen.
1465 2242 1496 2271 p.
1515 2231 1576 2264 501

996 2278 1200 2310 .Kuster.
1236 2277 1280 2308 ad
1304 2276 1483 2307 Iamblich.
1509 2277 1579 2307 vit.

951 2290 1143 2364 quthagor.
1162 2322 1216 2357 31
1231 2331 1266 2362 p
1282 2319 1359 2354 424.
1383 2322 1436 2352 ed.
1454 2320 1581 2353 Kiessl.

952 2368 1199 2409 wesseling
1238 2366 1283 2398 ad
1329 2366 1433 2397 Petit.
1472 2366 1580 2442 Le¹gg.

954 2416 1028 2446 Att.
1033 2425 1087 2467 p.
1113 2412 1191 2446 533.
1217 2411 1364 2442 Astius
1390 2411 1490 2442 adh.
1517 2412 1537 2442 l.

999 2453 1046 2490 οὗ
1079 2456 1238 2499 μήποτε
1274 2454 1404 2494 φύσιι
1425 2456 1484 2496 --]
1510 2457 1579 2488 ubi

956 2513 1168 2545 nunquam
1207 2501 1430 2533 radicibus
1468 2503 1579 2532 actis

956 2559 1071 2582 silam
1130 2547 1320 2587 accipiet
1382 2551 1579 2579 naturam
1643 2568 1644 2571 =

958 2593 1072 2635 quod
1097 2594 1135 2624 vi
1161 2591 1399 2633 generandi
1436 2593 1581 2623 nativa

958 2640 1107 2681 pollet
1139 2637 1227 2670 Nam
1254 2634 1394 2678 )ο’νιμον
1419 2646 1480 2678 pro
1507 2637 1583 2668 sub-
