1644 2886
256 96 335 135 288
741 92 1120 136 PLATONIS

256 211 336 250 νῦν
371 211 473 262 ἔχει,
511 208 678 260 σέβεται
721 208 792 248 καὶ
828 208 1034 264 φοβεῖται
1064 209 1197 250 ,πᾶσα
1234 206 1259 259 ἡ
1296 209 1415 268 ’ψυχὴ
1453 210 1500 253 τό
1539 227 1578 252 τι

256 281 387 316 κινεῖν
432 273 519 313 τῶν
564 273 662 315 τοτε
705 271 1013 316 καθεστώτων.
1055 271 1256 329 μηχανὴν
1299 272 1352 326 δὴ
1397 278 1459 319 δεῖ
1503 275 1579 319 τὸν

254 340 510 392 νομοθέτην
545 342 711 381 ἐννοεῖν
747 336 927 392 ἁμόθεν
959 343 1005 391 γὲ
1038 342 1196 390 ποθεν,
1224 337 1377 383 ὅντινα
1412 338 1580 397 τρόπον

255 403 374 446 τοῦτ’
414 406 536 445 ἔσται
579 406 629 461 τῇ
665 400 799 447 πόλει.
845 401 951 463 τῇδῖ
977 398 1057 447 οὖν
1102 409 1229 459 ἔγωγε
1264 404 1455 463 εὑρίσκω.
1501 406 1583 456 τὰς

255 467 435 518 παιδιὰς
489 468 647 518 πάντες
702 472 985 512 διανοοῦνται
1036 479 1290 528 κινουμένας
1334 475 1420 515 τῶν
1464 478 1582 524 νέων,

257 534 364 591 ὅπερ
408 540 662 590 ἔμπροσθεν
708 540 926 590 ἐλέγομεν,
963 535 1142 588 παιδιάς
1188 535 1324 588 ὅντως
1367 539 1479 582 εἶναι
1509 541 1582 582 καὶ

259 602 310 645 οὐ
349 600 429 653 τὴν
461 606 666 657 μεγίστην
700 603 743 654 ἐξ
776 602 923 645 αὐτῶν
960 603 1156 656 σπουδὴν
1186 607 1257 646 καὶ
1281 604 1454 660 βλάβην
1482 606 1583 660 ξυμ-

255 671 447 723 βαίνειν,
492 667 596 718 ὥςτε
647 668 727 711 οὐκ
783 667 1108 723 ἀποτρέπουσιν
1162 668 1275 712 ἀλλὰ
1327 672 1584 723 ξυνέπονται

259 733 528 784 ὑπείκοντες·
581 737 651 778 καὶ
702 734 754 778 οὐ
815 737 1062 788 λογίζονται
1116 738 1238 785 τόδε,
1281 734 1350 779 ὅτι
1403 735 1585 788 τούτους

258 800 429 855 ἀνάγκη
479 798 583 850 τοὺς
621 804 782 850 παῖδας
819 800 920 851 τους
958 807 1003 843 ὲν
1038 810 1134 851 ταῖς
1170 805 1371 852 παιδιαῖς
1390 806 1582 859 νεωτερί-

260 870 418 919 ζοντας
451 871 620 922 ἑτέρους
648 864 816 922 ἄνδρας
850 869 937 910 τῶν
971 870 1225 925 ἔμπροσθεν
1256 872 1463 921 γενέσθαι
1484 874 1583 913 παί-

259 936 358 982 δων,
393 937 648 987 γενομένους
684 936 728 976 δὲ
766 931 930 982 ἄλλους
960 932 1096 976 ἄλλον
1129 936 1228 987 βίον
1262 937 1422 986 ζητεῖν,
1457 936 1583 987 ζητή-

261 1015 426 1049 σαντας
466 1001 511 1042 δὲ
557 1002 710 1053 ἑτέρων
756 998 1106 1053 ἐπιτηδευμάτων
1139 1017 1212 1042 και
1247 1001 1392 1055 νόμων
1426 1004 1584 1044 ἐπιθυ-

259 1067 417 1120 μῆσαι,
451 1067 525 1108 καὶ
558 1065 664 1118 μετὰ
703 1067 837 1110 τοῦτο
884 1063 941 1115 ὡς
976 1063 1157 1117 ἥξοντος
1200 1068 1281 1108 τοῦ
1315 1069 1396 1109 νῦν
1431 1065 1483 1119 δὴ
1519 1070 1585 1110 λε-

261 1136 445 1186 γομένου
478 1134 678 1185 μεγίστοιν
714 1132 850 1174 κακοῦ
885 1130 1063 1174 πόλεσιν
1097 1131 1235 1182 οὐδεὶς
1264 1132 1410 1175 αὐτῶν
1437 1135 1586 1191 φοβεῖ-

269 1214 354 1240 τιιι.
397 1196 450 1239 τὰ
493 1200 571 1252 μὲν
614 1190 694 1241 οὖν
735 1195 851 1240 ἄλλα
887 1196 1047 1239 ἐλάττω
1081 1198 1437 1253 μεταβαλλόμενα
1473 1197 1583 1242 κακὰ

265 1262 563 1319 διεξεργάζοιτ’
604 1262 688 1319 ἄν,
725 1262 807 1307 ὅσα
843 1267 939 1320 περὶ
975 1264 1176 1319 σχήματα
1222 1263 1378 1319 πάσχει
1411 1263 1461 1308 τὸ
1494 1282 1585 1310 τοι-

264 1332 424 1374 οῦτον·
473 1329 557 1373 ὅσα
605 1332 650 1373 δὲ
697 1332 794 1386 περὶ
839 1328 892 1372 τὰ
929 1331 1017 1372 τῶν
1052 1329 1184 1381 ἠθῶν
1219 1335 1400 1374 ἐπαίνου
1435 1348 1477 1374 τε
1515 1335 1587 1374 καὶ
1640 1367 1643 1395 3

356 1468 399 1544 C.l
443 1468 482 1499 ἑτ
492 1468 533 1510 ἐρ
545 1480 562 1500 ο
573 1480 593 1500 υ
603 1477 618 1500 s
644 1468 716 1501 ἅνδ
727 1481 744 1511 ρ
756 1481 776 1501 α
785 1470 822 1510 s]
849 1471 969 1502 Astius
981 1471 1079 1502 noni.
1095 1466 1156 1510 οὐχ
1172 1469 1308 1511 ἑτέρους
1321 1467 1455 1511 ἄνδρας.
1481 1471 1584 1503 Male.

266 1526 295 1547 v.
322 1524 387 1555 exp
402 1515 493 1545 icatt.

265 1637 509 1668 meminerit
540 1645 682 1677 neque
717 1638 893 1669 audive-

267 1683 342 1722 rit,
394 1684 478 1714 ista
524 1683 668 1713 omnia
712 1692 895 1724 unquam

265 1729 399 1760 aliter
437 1737 481 1758 se
520 1727 732 1759 habuisse
776 1738 896 1769 quam

267 1784 379 1805 nunc
407 1783 451 1804 se
474 1773 680 1812 habeant,
704 1778 768 1805 etc.
806 1774 896 1805 Nam

267 1815 352 1850 αὐτά
384 1829 446 1860 per
477 1819 616 1859 synesin
654 1820 804 1859 positum
842 1829 896 1850 re-

266 1865 374 1896 fertur
418 1864 461 1895 ad
507 1865 683 1895 notionem
726 1865 895 1896 vocabulo

267 1908 384 1948 νόμοις
411 1910 610 1941 subiectam.

313 1955 354 1986 B.
404 1954 575 1995 σέβεται
607 1954 670 1985 καὶ
698 1954 896 1994 φοβεῖται

270 2000 381 2032 πᾶσα
407 1996 425 2041 ἡ
451 1999 897 2042 ψυχὴ]ιιιιιιεᾳιιίε(1ιιθ

271 2050 450 2077 veretur
475 2056 523 2078 ac
551 2046 828 2085 reformidat,
853 2046 897 2076 in

270 2093 342 2130 iis,
368 2101 471 2131 quae
501 2093 744 2123 constituta
775 2095 896 2129 sunt,

271 2137 444 2176 aliquid
491 2141 663 2168 mutare.
733 2136 900 2168 Similiter

272 2179 291 2223 ἦ
324 2179 384 2222 ἐμὴ
414 2181 503 2222 ψυχὴ
539 2180 697 2222 βούλεται
733 2181 837 2212 εἰπεῖν
868 2185 901 2213 et

270 2227 340 2259 alia
371 2226 548 2266 dicuntur,
575 2227 618 2258 de
648 2227 771 2268 quibus
797 2238 829 2259 v.
856 2227 900 2258 ad

272 2272 379 2312 Gorg.
405 2282 437 2312 p.
460 2271 540 2305 486.
555 2272 598 2303 E.
629 2273 734 2313 Hipp.
760 2273 840 2311 mai,
865 2283 897 2312 p.

271 2317 350 2352 296.
378 2317 424 2348 D.
473 2316 587 2358 Supra
617 2329 650 2359 p.
684 2318 760 2351 790.
791 2321 835 2349 A.
863 2315 901 2348 τὰ

273 2363 338 2404 ἔθη
369 2363 530 2397 dicuntur
553 2360 598 2404 μὴ
630 2362 759 2395 ἐθέλειν
784 2363 898 2395 πείθε-

275 2408 359 2440 σθαι
393 2416 428 2440 et
462 2403 618 2439 ἀκούσαι.
654 2409 712 2440 ubi
748 2420 780 2440 v.
818 2419 910 2441 ann..

273 2454 360 2485 Mox
383 2450 515 2492 ἁμόθεν
543 2453 581 2494 γέ
605 2454 716 2486 ποθεν
739 2465 809 2486 non
834 2459 900 2486 est:

274 2500 496 2538 alicunde,
533 2504 571 2529 ut
603 2500 692 2532 falso
735 2501 902 2540 interpre-

274 2549 368 2576 tatur
392 2545 565 2582 Astius,
591 2546 651 2577 sed
682 2556 730 2577 ex
754 2546 903 2586 aliqua

275 2590 426 2622 saltem
460 2594 603 2631 parte,
640 2601 721 2623 una
753 2592 902 2623 saltem

276 2637 723 2677 ratione,quacunque
745 2637 901 2668 demum

960 1639 1028 1669 sit.
1055 1647 1085 1667 v.
1111 1636 1233 1668 Ruhn
1246 1637 1336 1668 ken.
1369 1638 1412 1669 ad
1438 1638 1528 1670 Tim.
1553 1649 1586 1679 p.

958 1683 1003 1716 26
1028 1687 1061 1714 et
1085 1682 1141 1715 29.
1167 1687 1200 1713 et
1223 1681 1373 1714 Gramm.
1402 1682 1490 1714 Vett.
1517 1683 1587 1715 Pro

961 1727 1090 1760 ἐννοεῖν
1121 1726 1147 1758 C
1158 1737 1177 1758 o
1186 1728 1207 1758 b
1219 1732 1311 1759 etus
1352 1728 1446 1759 Varr.
1476 1729 1586 1760 Lectt.

960 1785 993 1816 p.
1019 1773 1098 1807 256.
1124 1770 1270 1804 ἐπινοεῖν
1292 1774 1449 1814 requirit.

1007 1818 1046 1850 C.
1094 1816 1293 1860 σπουδὴν
1324 1821 1390 1849 καὶ
1420 1817 1590 1861 βλαβὴν

963 1863 1231 1904 ξυμβαίνειν]
1273 1874 1323 1895 no
1335 1874 1356 1895 n
1393 1874 1478 1896 rem
1511 1875 1590 1897 ma-

961 1910 1073 1942 xime
1102 1910 1261 1941 seriam
1292 1914 1330 1940 et
1355 1910 1377 1940 d
1390 1911 1590 1942 etrimen-

961 1960 1050 1986 tum
1082 1955 1121 1985 in
1134 1955 1183 1986 de
1216 1955 1420 1987 existere.
1468 1955 1511 1986 Iu
1534 1956 1590 1988 his

963 2000 1016 2031 καὶ
1047 1997 1183 2041 βλάβην
1207 2001 1360 2032 declarat
1382 2002 1590 2040 accuratius,

964 2046 1047 2087 quid
1075 2056 1137 2086 per
1168 2044 1228 2086 τὴν
1257 2047 1412 2087 μεγίστην
1436 2044 1591 2088 σπουδήν

963 2091 1186 2132 significetur.

1010 2133 1108 2168 ὥετε
1139 2133 1215 2167 οὐκ
1252 2134 1590 2178 ἀποτρέπουσιν]

966 2181 1021 2214 Sc.
1044 2179 1081 2213 τὸ
1107 2181 1276 2213 κινεῖσθαι
1298 2182 1356 2212 τὰς
1381 2181 1522 2215 παιδιάς.
1547 2200 1591 2206 —-

967 2226 1222 2267 ξυνέπονται
1246 2223 1514 2265 ὑπείκοντες,
1529 2229 1592 2259 int.

967 2270 1074 2315 τούτῳ
1102 2284 1129 2304 s.
1154 2268 1254 2313 αὐτῷ.

1012 2317 1187 2359 ἑτέρους
1220 2315 1378 2358 ἄνδρας
1415 2318 1493 2348 ταῖν
1530 2317 1592 2357 ἔμ-

968 2375 991 2395 π
1002 2375 1019 2405 ρ
1031 2374 1049 2394 ο
1063 2363 1139 2395 aas
1150 2375 1168 2394 ν
1192 2374 1221 2404 γ.
1246 2362 1300 2403 π.]
1334 2364 1365 2394 Α
1377 2364 1462 2396 stiu
1473 2373 1488 2394 s
1513 2368 1593 2395 ante

967 2409 1103 2449 ἑτέρους
1132 2409 1306 2440 desiderat
1342 2405 1404 2448 οὐχ
1438 2409 1593 2449 negatio-

969 2465 1057 2486 nem.
1116 2454 1180 2485 Cui
1223 2455 1352 2485 rationi
1391 2455 1593 2486 adversatur

969 2500 1063 2541 quod
1078 2501 1241 2531 continuo
1264 2500 1482 2542 subsequitur
1497 2509 1592 2540 γενο-

969 2544 1092 2585 μένους
1135 2543 1170 2575 δὲ
1209 2542 1342 2577 ἄλλους.
1399 2545 1592 2576 Mutatione

969 2591 1062 2622 nulla
1092 2600 1134 2622 ex
1164 2595 1260 2631 parte
1275 2600 1372 2632 opus
1396 2595 1467 2629 est,
1491 2589 1592 2621 modo

971 2636 1075 2667 verba
1100 2637 1253 2668 iunxeris
1277 2637 1371 2668 hunc
1385 2636 1420 2668 in
1435 2635 1593 2667 modum:
