1644 2886
237 101 342 141 :Ovi
357 102 394 141 11
663 101 1140 146 PROLEGOMENA

240 210 456 252 buendum
487 226 735 263 censemus,
777 219 824 263 ut
853 212 919 253 vel
949 214 1077 254 unius
1108 213 1355 256 Aristotelis
1385 214 1569 261 auotori-

237 272 304 306 tas
347 268 542 308 omnibus
585 267 859 320 opinionibus
905 282 1074 321 eorum,
1126 269 1198 322 qui
1247 270 1414 325 Legum
1460 284 1569 325 opus

237 328 486 375 suspectum
524 321 703 363 reddere
746 322 887 363 conati
928 330 1050 377 sunt,
1101 323 1349 380 longissime
1390 331 1566 379 antepo-

238 376 378 417 nenda
412 376 621 418 videatur.
691 378 840 431 Atque
879 377 984 420 haec
1027 379 1171 421 omnia
1210 395 1339 434 quum
1381 381 1444 421 ita
1471 395 1569 422 sese

236 431 437 483 habeant,
466 433 662 487 profecto
681 448 947 488 consequens
968 441 1047 487 est,
1079 441 1127 476 ut
1142 441 1370 491 germanus
1407 437 1569 491 Legum

235 493 356 528 ortus
385 487 440 528 ab
479 488 677 530 omnibus
716 490 894 544 agnosci
926 489 1103 541 debeat3
1150 506 1383 533 naevorum
1429 498 1568 532 autem

235 543 354 597 operi
391 542 699 597 adspersorum
742 559 919 587 caussas
976 545 1255 588 declarandas
1306 562 1399 588 esse
1451 553 1571 602 patet

234 612 287 638 ex
326 598 419 640 eius
462 599 680 641 natalibus
715 606 848 654 atque
872 601 996 654 fatis,
1031 601 1085 642 de
1124 602 1281 655 quibus
1311 602 1569 656 explicatum

234 658 303 694 est
339 653 382 695 in
421 655 728 709 superioribus.
797 656 971 712 Quippe
1012 657 1095 699 hoc
1133 664 1180 698 ut
1231 658 1292 699 ita
1340 663 1568 710 statuatur,

234 715 356 751 tanto
387 711 523 766 magis
561 717 628 752 est
657 713 967 760 necessarium,
1007 712 1149 766 quod,
1190 713 1226 755 si
1263 715 1427 769 Legum
1460 728 1570 768 opus

233 779 449 807 sumamus
492 766 659 808 Platoni
700 783 776 822 per
813 768 966 809 malam
1006 768 1198 810 fraudem
1236 784 1331 811 esse
1370 770 1569 824 supposi-

233 828 347 873 tum,
389 822 593 863 continuo
624 823 706 878 ipsi
736 824 881 865 multis
911 824 1162 880 magnisque
1190 825 1456 879 implicamur
1486 825 1568 866 dif-

233 876 525 929 ficultatibus,
566 893 671 932 quas
710 879 912 934 expedire
953 895 1077 921 nemo
1109 880 1335 934 quisquam
1366 881 1567 935 potuerit.

234 932 407 974 Tribuit
446 932 552 973 illud
592 933 692 975 olim
731 935 983 977 Zellerus
1024 934 1225 990 Philippo
1264 936 1327 977 illi
1357 937 1566 992 Opuntio,

232 1002 357 1040 quem
407 999 572 1030 veteres
618 990 853 1045 scriptores
897 997 1072 1032 narrant
1108 992 1199 1033 eius
1237 992 1431 1033 extitisse
1501 1002 1570 1034 ost

232 1050 410 1085 mortem
465 1045 656 1087 Platonis
699 1045 920 1088 editorem.
980 1046 1098 1099 Quid
1129 1047 1258 1087 vero?
1290 1047 1363 1101 qui
1395 1054 1466 1088 tan
1503 1062 1566 1088 em

232 1099 391 1140 factum
430 1115 527 1141 esse
566 1100 837 1156 putabimus,
880 1108 929 1143 ut
965 1101 1091 1144 homo
1122 1101 1434 1144 eruditissimus
1462 1102 1568 1144 illud

232 1169 318 1195 non
347 1154 429 1195 sibi
459 1155 556 1210 ipsi,
587 1156 664 1198 sed
695 1156 865 1198 Platoni
895 1158 1039 1213 potius
1068 1157 1360 1199 adscriberet?
1390 1158 1568 1200 ·Enim-

232 1225 333 1251 vero
377 1210 484 1251 illud
514 1211 551 1252 si
583 1212 753 1254 veritati
784 1214 1090 1256 convenienter
1120 1214 1315 1267 fecisset,
1348 1213 1462 1255 haud
1489 1214 1567 1255 du-

232 1266 299 1307 bie
319 1267 507 1308 futurum
528 1274 634 1321 erat,
666 1275 714 1309 ut
737 1269 919 1311 nominis
949 1270 1015 1311 sui
1037 1270 1175 1310 famae
1201 1276 1243 1310 et
1264 1270 1568 1312 existimationi

230 1321 349 1377 apud
376 1337 543 1364 omnem
573 1325 869 1377 posteritatem
901 1339 986 1366 non
1005 1324 1279 1367 mediocriter
1306 1325 1566 1379 consuleret,

230 1377 353 1418 cuius
390 1378 530 1432 ipsum
569 1393 655 1420 non
700 1380 830 1422 fuisse
872 1381 1134 1423 incuriosum
1177 1381 1246 1422 vel
1283 1395 1335 1422 ex
1382 1397 1432 1422 eo
1471 1397 1566 1436 per-

229 1433 434 1488 spicitur,
474 1434 590 1488 quod
630 1435 673 1476 in
711 1435 853 1478 doctis
892 1437 1095 1491 operibus
1133 1436 1404 1478 elaborandis
1435 1437 1567 1478 solito

229 1488 466 1530 studiosius
509 1500 705 1532 versatus
744 1507 837 1533 esse
875 1498 1086 1534 narratur.
1155 1492 1216 1533 Et
1257 1493 1361 1546 quis·
1403 1507 1567 1546 quaeso

229 1551 297 1585 est
326 1545 399 1599 qui
430 1545 513 1587 sibi
543 1547 818 1601 persuadeat,
850 1549 1043 1589 futurum
1072 1548 1223 1600 fuisse,
1255 1555 1304 1588 ut
1334 1550 1452 1589 fraus
1483 1549 1567 1589 ista

185 1624 189 1628 ·
230 1616 314 1641 uon
357 1601 563 1642 contiuuo
597 1603 1008 1645 animadverteretur
1047 1603 1100 1644 ab
1131 1604 1408 1657 aequalibus,
1443 1619 1565 1659 prae-

229 1656 376 1697 sertim
430 1671 561 1710 quum
609 1658 890 1711 Aristoteles,
947 1659 1234 1714 Speusippus,
1277 1660 1563 1713 Xenocrates,

228 1711 299 1752 alii
330 1712 524 1753 Platonis
557 1712 754 1769 discipuli
775 1730 825 1756 ac
855 1715 1100 1767 familiares,
1133 1715 1204 1768 qui
1234 1715 1365 1769 probe
1395 1716 1565 1757 novisse

231 1773 445 1822 poteraut,
479 1783 707 1822 quemnam
738 1770 979 1812 studiorum
1001 1785 1171 1812 cursum
1194 1771 1399 1825 magister
1415 1771 1565 1813 ultimo

229 1823 344 1864 vitae
380 1829 573 1878 tempore
604 1826 836 1879 tenuisset,
878 1827 1005 1867 etiam
1042 1832 1132 1867 tum
1175 1825 1218 1865 in
1248 1827 1359 1867 vivis
1391 1825 1565 1867 essent?

232 1878 417 1920 Accedit
445 1879 500 1919 ad
530 1880 651 1934 haec,
683 1882 815 1935 quod,
847 1888 1056 1935 quantum
1087 1881 1261 1935 quidem
1292 1897 1344 1922 ex
1373 1883 1565 1923 testimo-

229 1934 310 1975 niis
351 1933 404 1975 de
441 1934 642 1991 Philippo
678 1937 752 1979 illo
792 1938 972 1992 eiusque
1010 1936 1147 1978 doctis
1196 1936 1353 1978 studiis
1382 1937 1564 1992 proditis

228 1990 431 2045 colligere
461 1991 602 2044 liceat,
635 1993 713 2034 viri
743 1994 965 2049 ingenium
996 1992 1326 2046 haudquaquam
1359 1993 1443 2033 tale
1467 1994 1562 2046 fuit,

229 2045 342 2087 unde
381 2046 518 2101 ipsum
558 2047 614 2088 ad
649 2049 814 2105 Legum
852 2050 1127 2104 scriptionem
1159 2049 1342 2089 animum
1374 2063 1563 2102 unquam

228 2102 437 2143 adiecisse
478 2104 707 2145 verisimile
746 2105 842 2154 fiat3
885 2105 938 2146 de
977 2120 1061 2159 qua
1091 2119 1136 2145 re
1166 2104 1210 2144 in
1242 2104 1562 2159 Prolegomenis

226 2157 280 2198 ad
330 2158 632 2212 Epinomidem
683 2161 938 2215 explicatius
991 2160 1170 2202 dicetur.
1249 2159 1405 2213 Itaque
1444 2160 1561 2201 illum

228 2212 303 2268 qui
342 2228 421 2267 pro
474 2215 586 2255 tanti
624 2217 765 2271 operis
802 2217 1026 2258 conditore
1074 2221 1244 2270 praeter
1291 2215 1562 2269 antiquitatis

227 2268 352 2310 fidem
372 2268 615 2311 habendum
637 2279 853 2326 censeant,
885 2273 915 2313 ii
936 2271 1135 2322 viderint,
1166 2285 1218 2311 ne
1239 2270 1413 2323 nodum,
1436 2286 1561 2325 quem

226 2323 428 2380 expedire
456 2333 680 2380 conentur,
713 2328 841 2370 etiam
872 2327 1055 2369 reddant
1084 2326 1316 2380 aliquando
1347 2326 1560 2367 diffieilio-

227 2395 328 2422 rem.
404 2380 775 2432 Quemadmodum
828 2395 970 2425 autem
1021 2381 1267 2436 Philippum
1321 2381 1559 2435 Opuntium

227 2451 377 2490 parum
415 2436 620 2479 credibile
661 2446 727 2480 est
767 2440 909 2496 Leges
948 2439 1077 2494 vulgo
1123 2437 1287 2479 Platoni
1320 2437 1560 2492 adscriptas

226 2498 300 2533 aut
339 2492 584 2535 condidisse
619 2501 695 2536 aut
725 2495 805 2538 sub
837 2495 1004 2537 nomine
1043 2493 1266 2534 clarissimi
1298 2492 1558 2547 philosophi,

228 2547 413 2590 admissa
452 2549 626 2602 fraude,
669 2550 983 2607 divulgavisse,
1040 2549 1101 2590 ita
1142 2564 1220 2590 nec
1258 2548 1389 2589 ullum
1430 2549 1557 2590 alium

227 2604 479 2657 scriptorem
521 2605 634 2648 illius
674 2608 828 2649 aetatis
871 2607 912 2648 id
945 2613 1136 2648 acturum
1169 2604 1299 2646 {uisse
1331 2604 1558 2645 verisimile
