1644 2886
475 105 558 148 DE
593 103 868 148 LEGIBUS
901 110 987 147 ete.
1151 103 1430 147 LXXXVII

57 221 231 278 singula
269 219 325 262 ad
363 220 554 262 minutae
595 219 849 276 diligentiae
882 218 1115 272 rationem,
1155 232 1268 272 quae
1299 218 1343 259 in
1375 232 1426 259 eo

10 304 11 329 1
58 279 275 331 cernitur,
317 284 366 319 ut
406 278 552 319 omnia
590 292 719 331 quam
757 276 1086 318 accuratissime
1116 273 1173 317 ad
1202 275 1422 331 legitimae

58 334 267 391 loquendi
306 333 636 377 consuetudinis
676 349 871 376 normam
915 339 1166 389 comparata
1204 333 1304 375 sint.
1364 334 1427 373 At

59 394 173 435 enim
214 407 317 434 vero
370 399 563 433 veterum
604 390 779 446 quidem
829 391 1093 446 scriptorum
1144 390 1426 446 praestantis-

60 450 183 502 simi,
242 447 582 500 Demosthenes,
635 447 813 503 Lysias,
874 446 1184 504 Thucydides,
1237 447 1426 502 itemque

0 515 3 558 ξ
61 508 217 563 poetae
233 505 406 561 tragici,
423 504 593 558 comici,
614 504 701 557 alii,
720 510 886 545 tantum
908 504 1032 546 abest
1046 512 1096 546 ut
1112 520 1210 546 eum
1234 504 1426 546 Isocrate

0 563 4 585 ³
61 579 112 606 ac
134 563 350 606 similibus
382 562 536 604 orandi
567 561 809 603 artificibus
841 561 970 602 istam
993 560 1267 618 diligentiam
1298 561 1425 603 unice

61 618 401 663 consectandam
428 619 739 665 iudicaverint,
773 628 821 659 ut
851 618 981 659 etiam
1014 617 1070 659 de
1100 617 1319 659 industria
1350 634 1424 660 vo-

62 678 223 720 luerint
253 691 349 718 esse
380 675 716 732 negligentiores
748 674 988 729 vel-potius
1009 675 1251 716 liberiores.
1317 675 1426 718 Sen-

0 739 1 744 ’
61 741 214 777 serunt
233 734 345 775 enim
366 733 563 774 homines
585 731 910 787 sapientissimi,
943 732 1258 788 negligentiam
1281 732 1424 782 istam,

62 807 173 847 quae
207 790 444 843 videretur,
487 796 703 844 quatenus
745 804 843 830 cum
885 797 1004 830 recta
1035 789 1328 845 cogitatorum
1361 798 1425 830 at·

62 863 147 904 que
187 850 411 890 sensorum
452 847 619 887 ratione
660 847 772 888 bene
812 846 1096 898 consisteret,
1138 861 1290 887 revera
1330 846 1424 902 pnl-

60 920 181 948 crum
211 903 417 958 quiddam
450 917 545 945 esse
577 909 706 957 atque
738 902 931 959 elegans,
956 902 1317 958 quandoquidem
1345 917 1431 945 non

62 961 190 1005 modo
221 964 412 1003 variaret
444 968 490 1002 et
520 961 646 1015 quasi
682 966 950 1015 temperaret
978 960 1189 1002 orationis
1220 967 1428 1002 venusta-

63 1027 177 1072 tem,
219 1033 368 1060 verum
398 1017 528 1059 etiam
561 1017 777 1059 variorum
808 1032 1039 1070 sensuum,
1072 1017 1352 1060 affectionum
1385 1029 1428 1059 et

62 1076 379 1120 sententiarum
419 1073 689 1130 expressioni
736 1074 974 1117 artificiose
1022 1074 1240 1130 regendae
1295 1081 1426 1128 atque

63 1132 352 1176 moderandae
394 1131 569 1187 egregie
609 1131 853 1173 inserviret.
928 1130 1150 1185 Quocirca
1191 1147 1272 1173 nec
1300 1131 1425 1174 Plato

64 1191 108 1232 in
147 1190 341 1246 Legibus
385 1188 465 1230 hac
504 1188 681 1230 licentia
729 1187 905 1230 dicendi
945 1189 1182 1242 abstinuit,
1225 1188 1426 1243 adeoque

65 1263 116 1289 ea
146 1247 190 1288 in
222 1247 287 1288 his
318 1246 441 1287 libris
470 1251 560 1286 tam
592 1260 726 1300 saepe
758 1260 864 1287 usus
895 1253 990 1298 est,
1033 1253 1080 1287 ut
1115 1246 1159 1287 in
1190 1245 1308 1287 nullo
1341 1246 1427 1287 alio

64 1318 196 1360 opere
227 1303 379 1359 magis.
421 1302 657 1344 ,Enimvero
678 1317 848 1355 caussa,
870 1303 1152 1357 quamobrem
1174 1303 1236 1344 ita
1259 1303 1426 1355 fecerit,

65 1361 239 1405 minime
280 1366 349 1401 est
389 1360 604 1410 obscura,
646 1365 880 1415 potestque
921 1359 1125 1401 facillime
1162 1359 1321 1402 coniici
1374 1376 1427 1401 ex

65 1419 136 1471 iis,
169 1432 282 1472 quae
313 1432 447 1471 supra
475 1432 502 1460 a
531 1416 658 1458 nobis
689 1417 923 1471 explanata
954 1428 1070 1458 sunt.
1125 1415 1304 1472 Quippe
1336 1417 1429 1458 imi-

65 1473 198 1518 tando
239 1474 453 1531 expressit
491 1474 578 1515 fere
619 1488 859 1515 sermonem
900 1489 1020 1526 eum,
1063 1474 1135 1528 qui
1178 1489 1263 1516 non
1296 1473 1426 1516 modo

66 1531 290 1587 popularis
329 1530 407 1573 sed
450 1531 579 1574 etiam
623 1530 775 1572 senilis
816 1530 1053 1573 videretur.
1115 1530 1426 1587 Undedmultis

67 1589 173 1632 locis
214 1588 417 1640 admisit,
458 1603 569 1642 quae
610 1587 830 1639 familiaris
872 1590 1084 1630 sermonis
1116 1588 1428 1645 negligentiam

68 1648 299 1698 referrent,
340 1644 474 1699 idque
507 1646 695 1687 fortasse
725 1645 855 1686 etiam
888 1644 985 1687 ideo
1018 1646 1144 1697 lecit,
1188 1645 1307 1700 quod
1339 1645 1428 1686 Cli-

67 1704 180 1747 niam
211 1709 255 1744 et
283 1702 539 1759 Megillnm,
589 1702 632 1743 in
672 1701 927 1744 disserendo
969 1703 1110 1745 minus
1148 1702 1428 1754 exercitatos,

68 1776 165 1803 eum
197 1759 368 1815 hospite
401 1759 659 1801 Atheniensi
691 1758 990 1813 colloquentes
1021 1760 1278 1801 introduxit.
1342 1759 1430 1802 Sed

68 1833 200 1871 quum
254 1816 362 1859 haec
405 1816 615 1858 sermonis
665 1816 934 1872 negligentia
981 1818 1147 1873 optime
1198 1818 1428 1859 conveniat

69 1873 357 1929 disputationi
395 1872 602 1914 sedatiori
635 1880 679 1913 et
707 1873 1021 1928 tranquilliori,
1067 1874 1209 1928 qualis
1243 1875 1428 1929 plerum-

70 1945 157 1985 que
196 1936 287 1982 est,
325 1935 417 1970 tuin
459 1929 610 1970 eadem
641 1930 771 1971 etiam
803 1930 1164 1972 artificiosissime
1196 1932 1431 1972 coniuncta

71 1994 139 2030 est
174 1985 416 2028 sublimiori
459 1992 590 2039 atque
633 1986 825 2040 graviori
864 1986 1039 2028 dicendi
1079 1987 1244 2044 generi.
1317 1987 1429 2029 Nam

71 2050 138 2087 est
166 2043 249 2084 hoc
277 2043 362 2098 ipsi
401 2048 582 2083 naturae
608 2041 824 2084 humanae
867 2050 1232 2096 consentaneum,
1274 2051 1323 2086 ut
1355 2046 1431 2099 qui

71 2115 323 2153 magnarum
364 2114 505 2140 rerum
546 2099 813 2154 cogitatione
853 2100 1006 2156 repleti
1050 2108 1154 2144 sunt
1192 2108 1326 2156 atque
1357 2118 1431 2159 ge-

72 2157 293 2199 nerosiore
323 2156 471 2210 aliquo
503 2163 579 2197 aut
608 2156 762 2198 altiore
794 2171 925 2199 sensu
957 2157 1102 2199 affecti
1134 2166 1177 2200 et
1206 2159 1431 2211 concitati,

73 2214 117 2259 ii,
142 2214 273 2256 missa
314 2228 454 2254 rerum
497 2213 755 2254 minutarum
793 2229 897 2255 cura
936 2215 1104 2257 fervore
1136 2216 1325 2271 pectoris
1357 2216 1432 2258 ab-

74 2270 183 2326 repti
233 2285 362 2312 sensa
411 2277 452 2312 et
502 2269 695 2324 cogitata
743 2285 824 2313 sua
874 2271 1051 2314 liberius
1103 2273 1430 2329 preloquantur.

75 2330 220 2382 Atque
261 2334 328 2369 est
357 2327 464 2369 haec
495 2327 628 2378 ratic,
670 2327 704 2368 si
737 2343 885 2369 verum
917 2329 1043 2371 fateri
1076 2324 1300 2384 vosumus,
1335 2345 1433 2386 pro-

76 2387 190 2428 tecto
222 2384 338 2437 talis,
371 2399 459 2438 qua
489 2383 716 2438 gravitatis
748 2392 792 2426 et
821 2385 1101 2429 sublimitatis
1141 2388 1207 2429 vis
1244 2403 1327 2428 non
1361 2386 1451 2427 de-⁴

77 2440 269 2482 bilitetur
318 2447 394 2483 aut
432 2442 674 2497 fratigatnr,
725 2440 802 2483 sed
848 2457 999 2497 revera
1049 2450 1262 2500 augeatur
1303 2450 1433 2498 atquc

78 2497 372 2552 amplificetur.
442 2497 619 2554 Quippe
670 2498 764 2552 ipsa
808 2498 913 2541 haec
961 2500 1197 2543 insolentia
1240 2501 1434 2557 legentes

77 2562 283 2608 tanquam
321 2554 440 2607 ¹ultro
482 2556 837 2608 commonefacit,
880 2556 984 2598 nihil
1030 2558 1208 2612 vulgare
1241 2564 1316 2599 aut
1347 2559 1434 2599 usi-

78 2616 212 2651 tatum
242 2620 354 2664 esse,
388 2611 503 2666 (qnod
538 2627 652 2653 nunc
684 2612 823 2666 ipsum
857 2612 1040 2666 dicatur,
1074 2614 1150 2656 sed
1171 2616 1318 2669 potins
1350 2615 1435 2656 tale
