1644 2886
484 82 567 126 1)ss
603 81 880 126 hEGIBUS
913 88 994 125 etc.
1250 80 1412 124 LXIX

44 198 97 240 C.
130 199 227 240 636.
262 197 314 240 B.
346 196 397 240 C.
431 198 527 241 719.
559 196 618 239 1).
654 197 776 239 1007.
809 195 861 240 C.
899 197 1020 240 1014.
1054 195 1102 237 B.
1134 195 1185 238 F.
1218 194 1271 238 al.
1318 195 1410 237 lam

43 270 147 298 vero
179 254 336 296 mirum
369 254 499 297 etiam
531 254 671 296 visum
703 261 771 297 est
800 260 845 297 et
874 253 1005 310 plane
1030 253 1097 295 sin
1132 253 1270 307 ulam,
1291 252 1410 307 quod

43 311 166 356 Libr.
199 311 285 354 Ill.
317 328 360 369 p.
391 312 488 354 680.
519 310 572 352 Β.
613 310 807 376 regimen
837 310 1116 367 patrumfami
1135 309 1199 363 ias
1226 315 1410 352 vocatur

41 373 290 415 δυναστεία.
357 367 447 412 Sed
487 368 564 424 qui
604 366 857 433 phllosophi
898 367 1163 411 sententiam
1191 366 1248 411 de
1276 366 1409 424 origi-

41 425 170 468 nibus
213 425 430 468 variorum
471 425 755 481 imperiorum
783 424 844 466 ibi
873 425 1123 480 expositam
1154 424 1409 481 diligentius

42 482 436 537 consideraverint,
480 482 511 524 ii
551 488 668 524 certe
710 482 932 523 fateantur
984 496 1162 524 necesse
1201 489 1293 535 est,
1332 497 1408 538 ap-

40 541 150 582 tiore
188 539 362 582 nomine
403 554 492 582 rem
533 539 606 593 vix
652 553 704 580 ac
752 553 806 580 ne
856 538 929 580 vix
980 538 1157 594 quidem
1207 538 1410 596 insigniri

39 597 266 654 potuisse,
326 596 622 650 vellemusque
676 593 919 637 indicatum
979 602 1124 648 esset,
1185 595 1410 650 quodnam

39 653 159 696 aliud
197 653 458 696 vocabulum
500 652 557 694 ad
599 667 690 694 rem
731 659 833 708 apte
883 651 1202 710 designandam
1242 653 1408 710 eligen-

39 711 141 753 dum
187 710 332 753 tuerit.
403 709 506 752 Non
545 709 685 766 magis
715 724 820 752 vero
850 707 1120 753 haerendum
1149 709 1233 751 fuit
1264 710 1307 752 in
1339 725 1408 765 eo,

40 767 159 823 quod
187 767 310 810 Libr.
344 767 429 811 111.
459 782 503 823 p.
537 767 634 810 688.
665 765 721 809 Β.
753 781 851 809 oum
891 769 944 825 τῇ
975 766 1195 825 φρονήσει
1226 767 1408 822 copula-

36 832 110 867 tur
145 823 401 881 simpliciter
439 825 551 877 δόξα
585 838 674 866 non
719 822 872 866 addito
914 821 1111 876 ἀληιἸ-ής.
1180 822 1235 866 Id
1265 823 1406 880 ipsum

37 882 150 925 enim
189 881 376 938 intelligi
415 895 470 924 ex
513 879 824 938 disputationis
864 880 1107 924 rationibus
1150 880 1317 923 clarum
1357 881 1408 923 fit

39 946 81 982 et
118 938 426 996 perspicuum,
466 938 723 994 praesertim
754 938 800 981 in
830 952 883 980 eo
915 953 1071 995 opere,
1102 937 1147 980 in
1179 953 1267 994 quo
1299 937 1406 994 quid

38 1003 342 1052 quantumque
383 995 654 1051 opinioni
685 995 760 1062 (τῇ
789 994 923 1055 δόξῃ)
960 994 1244 1039 tribuendum
1273 995 1332 1039 sit
1361 995 1406 1038 in

38 1054 128 1096 vita
164 1053 410 1107 communi,
450 1053 584 1095 variis
628 1050 771 1096 modis
811 1051 1109 1109 significatum
1139 1058 1220 1096 est.
1281 1051 1405 1107 Quo·

36 1111 154 1153 circa
196 1125 278 1152 neo
322 1109 429 1152 illud
474 1108 737 1164 mirandum,
769 1108 890 1165 quod
922 1110 1045 1153 Libr.
1077 1110 1114 1153 1.
1147 1125 1190 1166 p.
1222 1111 1318 1153 642.
1351 1108 1404 1152 C.

36 1168 82 1209 in
120 1167 296 1210 virtutis
335 1166 574 1223 disciplina.
610 1165 741 1209 etiam
781 1169 834 1226 τῇ
875 1169 988 1221 θείᾳ
1017 1172 1159 1222 μοίρᾳ
1190 1182 1296 1210 suus
1327 1167 1404 1210 ho-

37 1239 116 1267 nos
147 1224 346 1278 habetm,
378 1225 423 1266 in
455 1239 543 1280 quo
573 1223 753 1267 criticus
784 1238 828 1280 p.
859 1224 927 1267 87.
959 1229 1005 1267 et
1037 1223 1132 1267 109.
1164 1223 1406 1266 identidem

36 1282 192 1324 haesit.
252 1281 342 1326 Sed
372 1280 428 1324 de
459 1281 540 1324 hac
569 1279 746 1337 quidem
775 1295 822 1323 re
843 1281 1051 1335 quoniam
1081 1282 1166 1323 iam
1198 1281 1403 1338 Prolegg.

36 1338 138 1381 Vol.
179 1339 215 1381 Ι.
260 1354 302 1395 p.
334 1338 558 1381 CXXIX.
590 1338 874 1382 commentati
905 1352 1071 1393 sumus,
1100 1338 1236 1381 verbo
1266 1338 1404 1396 signi-

35 1395 191 1438 ficasse
219 1395 328 1439 satis
361 1395 469 1449 erit,
503 1410 615 1451 quae
645 1401 801 1438 nostra
831 1395 891 1438 sit
920 1395 1153 1440 sententia.
1216 1396 1404 1453 Progre-

36 1451 178 1495 dimur
219 1453 357 1509 igitur
400 1452 456 1495 ad
493 1452 613 1495 aliud
654 1451 786 1508 quid,
827 1452 947 1508 quod
987 1453 1091 1496 huio
1140 1460 1402 1510 argumento

35 1509 167 1552 affine
199 1516 243 1552 et
272 1517 507 1567 cognatum
537 1516 617 1555 est.
832 1553 834 1555 .

149 1566 449 1624 Reprehendit
502 1568 616 1610 enim
663 1565 931 1610 Zellerus
982 1566 1137 1611 eodem
1183 1567 1275 1609 fere
1324 1582 1402 1610 no-

35 1623 149 1666 mine
195 1625 327 1667 etiam
376 1624 596 1681 tropicum
655 1639 784 1668 usum
827 1625 1059 1668 verborum
1112 1623 1402 1682 singulorum.

35 1680 136 1735 Quo
179 1680 234 1725 de
276 1696 436 1738 genere
477 1682 586 1725 haec
625 1681 717 1724 fere
759 1681 814 1724 ab
854 1696 907 1724 eo
946 1681 1255 1725 animadversa.
1284 1688 1401 1725 sunt.

37 1738 228 1781 Primum
277 1739 393 1781 enim
439 1746 546 1782 nota
595 1738 797 1782 censoria
846 1738 1030 1796 dignum
1080 1744 1230 1795 putat,
1280 1738 1403 1795 quod

35 1810 280 1849 sermones,
337 1810 448 1851 quos
494 1797 654 1853 hospes
696 1795 984 1840 Atheniensis
1033 1812 1132 1840 cum
1172 1795 1320 1839 Clinia
1357 1801 1404 1838 et

35 1851 219 1908 Megillo
258 1853 469 1906 instituit,
521 1861 611 1895 tam
651 1867 782 1909 saepe
823 1852 1029 1896 dicantur
1064 1856 1240 1908 μῦθοι,
1281 1852 1402 1908 quod

34 1908 131 1963 ipse
161 1909 494 1964 interpretatur:
525 1909 913 1966 begeisterte‚
946 1910 1249 1966 poisstisolie
1293 1910 1401 1953 Re-

34 1964 136 2007 den
180 1967 249 2018 (v.
290 1982 330 2020 p.
360 1966 473 2020 88.)
544 1965 691 2020 Quam
731 1967 778 2008 in
808 1981 899 2008 rein
930 1966 1058 2009 affert
1090 1967 1212 2010 Libr.
1245 1966 1325 2009 IV.
1391 1999 1401 2009 .

36 2023 130 2064 719.
163 2021 215 2063 Β.
248 2022 343 2078 (C.)
378 2022 459 2065 VI.
491 2037 534 2080 p.
566 2024 664 2065 752.
698 2024 752 2064 A.
786 2024 883 2065 773.
915 2023 969 2066 Β.
1001 2023 1111 2066 V11.
1141 2040 1184 2080 p.
1216 2024 1313 2068 790.
1390 2057 1399 2065 .

33 2079 130 2122 812.
169 2079 224 2122 A.
263 2079 349 2121 IX.
391 2096 434 2136 p.
477 2080 574 2123 872.
614 2079 674 2122 D.
715 2078 776 2122 X.
820 2095 863 2136 p.
895 2082 994 2124 903.
1026 2080 1079 2123 Β.
1110 2080 1196 2123 ΧΙ.
1228 2096 1270 2137 p.
1300 2081 1398 2124 927.

36 2135 91 2179 D.
133 2135 213 2177 VI.
253 2152 295 2192 p.
339 2138 436 2181 771.
474 2136 526 2179 C.
590 2135 761 2179 Deinde
802 2137 984 2180 miratur
1015 2137 1233 2181 vocabula
1263 2154 1400 2193 παρα-

33 2196 212 2245 μυῦιον
256 2200 300 2236 et
354 2196 740 2250 παραμυθεῖσθαι
778 2194 824 2236 in
871 2194 1400 2253 quovis‚coh0rtationis

33 2264 192 2304 genere
261 2250 359 2306 oni,
399 2267 533 2307 quum
580 2250 708 2293 Plato
748 2250 844 2308 ipse
874 2252 1045 2295 scilieet
1073 2268 1125 2296 ea
1154 2268 1242 2296 non
1272 2266 1399 2295 usur-

35 2321 137 2363 pare
185 2314 326 2352 soeat
372 2309 456 2352 nisi
505 2307 560 2351 de
611 2308 1036 2361 consolatione3
1086 2325 1175 2365 quo
1225 2309 1400 2352 nomine

34 2370 245 2407 memorat
284 2364 406 2408 Libr.
445 2365 528 2408 VI.
571 2381 613 2422 p.
645 2366 741 2407 773.
773 2365 826 2408 E.
857 2366 941 2411 IX.
974 2383 1017 2423 p.
1048 2367 1148 2410 880.
1181 2368 1236 2410 Α.
1266 2366 1326 2411 X.
1389 2399 1398 2408 .

35 2420 132 2463 885.
169 2420 222 2463 B.
260 2421 346 2464 XI.
385 2439 428 2480 p.
467 2424 566 2466 923.
607 2421 661 2467 C.
692 2421 735 2475 I.
761 2438 804 2479 p.
835 2426 932 2468 625.
965 2424 1017 2468 Β.
1046 2423 1108 2468 X.
1138 2440 1181 2481 p.
1214 2424 1311 2468 899.
1388 2456 1399 2467 .

34 2476 142 2518 ΧΠ.
181 2493 224 2534 p.
255 2481 352 2521 944.
391 2480 445 2524 Β.
477 2478 630 2524 Simile
662 2478 771 2534 quid
801 2487 926 2524 notat
955 2481 1086 2525 etiam
1117 2480 1171 2523 de
1203 2479 1327 2534 ᾅδειν
1354 2487 1400 2523 et

33 2531 224 2587 ἐπᾴδειν,
253 2537 373 2591 quod
403 2553 482 2594 pro
513 2539 656 2590 λέγειν
696 2538 897 2595 usurpari
937 2538 998 2581 ait
1027 2538 1112 2580 IX.
1144 2554 1197 2594 p.-
1217 2538 1314 2581 854.
1346 2535 1398 2579 C.

36 2589 116 2653 VI.
149 2606 192 2646 p.
225 2593 320 2636 773.
351 2594 408 2638 l).
442 2594 576 2637 VIII.
608 2610 651 2651 p.
696 2595 792 2636 837.
824 2594 877 2637 Ε.
906 2596 1019 2639 XII.
1054 2612 1095 2652 p.
1129 2596 1226 2638 944.
1258 2595 1312 2637 Α.
1346 2594 1396 2637 Β.

36 2652 223 2703 itemque
265 2648 318 2692 de
361 2650 516 2705 ὑμνεῖν
547 2651 631 2694 ΙΧ.
667 2667 706 2706 p.
742 2653 838 2694 870.
871 2653 921 2696 Ε.
952 2653 1033 2695 VJ.
1066 2669 1106 2709 p.
1140 2653 1230 2696 (353.
1268 2651 1320 2694 D.
1354 2660 1398 2694 et
