1644 2886
462 44 468 47 “
510 62 680 105 nisui
713 62 1000 110 suarim.»
1340 66 1424 107 247

66 181 205 224 tilium
244 188 288 224 et
318 180 586 239 pedestrium
617 177 801 224 habetur
832 179 1028 234 venatio,
1070 178 1150 222 sed
1188 178 1318 221 etiam
1348 177 1441 221 ho·-

67 239 203 281 mines
243 246 377 293 atque
414 253 483 282 res
522 252 599 295 per
628 250 721 278 eam
750 236 981 293 multiplici
1017 235 1146 285 modo
1176 235 1424 292 capiuntur,

68 295 203 337 veluti
233 295 369 350 bello,
409 311 486 352 per
523 293 779 348 amicitiam,
820 293 961 349 furto,
1002 293 1259 344 latrocini03
1297 292 1425 334 facile

68 352 340 409 intelligitur,
372 351 634 410 legislatoris
665 365 776 400 esse,
806 364 917 405 quae
947 352 993 393 in
1022 350 1098 392 illa
1128 350 1242 392 bona
1270 354 1314 391 et
1346 348 1424 391 ho-

69 415 193 451 nesta
211 416 327 464 sunt,
359 424 410 452 ea
438 407 640 459 laudare3
675 421 786 462 quae
804 421 931 451 secus
955 407 1134 462 habent,
1155 407 1422 461 vituperare3

69 480 156 520 quo
196 481 284 509 uno
319 467 503 508 maxime
542 464 840 507 adolescentes
883 464 940 507 ad
984 464 1242 520 optimarum
1281 478 1424 505 rerum

65 521 260 564 studium
298 523 554 579 gravissime
593 521 906 564 incitabuntur.
976 519 1253 563 Dehortandi
1291 520 1426 575 igitur

66 578 129 620 illi
164 585 268 621 sunt
306 586 351 621 et
388 578 567 622 arcendi
609 595 633 620 a
663 578 902 634 cupiditate
933 584 976 620 et
1005 593 1152 620 amore
1181 576 1426 620 venationis

67 635 257 678 marinae
297 637 560 691 omninoque
592 635 812 691 aquatilis,
854 635 1066 692 imprimis
1097 635 1251 678 inertis
1290 634 1422 689 illius,

67 707 178 747 quae
210 692 348 736 hamis
381 709 432 736 ac
462 694 606 735 nassis
637 692 904 744 instituitur3
938 691 1116 735 arcendi
1146 693 1250 734 item
1281 698 1324 734 et
1356 707 1423 734 re-

67 749 234 791 tinendi
274 751 328 793 ab
367 750 590 792 hominum
622 748 931 805 capiendorum
965 749 1113 792 studio
1145 755 1276 804 atque
1307 749 1422 805 pira-

67 806 173 857 tica3
214 806 462 850 deterrendi
507 806 696 861 denique
737 821 762 848 a
802 806 929 850 furtis
979 813 1023 848 et
1061 806 1227 862 rapinis
1281 806 1421 847 omnis

67 864 252 920 generis.
328 863 427 906 Nec
475 878 578 906 vero
626 863 842 920 ingenuos
895 864 1074 906 iuvenes
1126 862 1299 905 decebit
1348 877 1420 904 ca-

67 925 197 975 ptura
242 921 497 962 volatilium.
575 919 734 974 Itaque
779 921 874 963 sola
921 920 1189 977 pedestrium
1247 920 1420 962 venatio

67 976 339 1032 relinquitur.
413 977 503 1021 Sed
531 992 586 1019 ne
615 977 724 1019 haec
754 977 928 1032 quidem
970 977 1089 1019 omni
1120 992 1173 1019 ex
1203 982 1328 1032 parte
1357 977 1421 1019 vi-

67 1033 195 1076 detur
224 1049 320 1077 esse
349 1033 596 1076 laudabilis.
660 1034 954 1089 Nequeenim
985 1049 1036 1076 ea
1065 1033 1242 1090 probari
1273 1033 1420 1088 debet,

67 1106 178 1145 quae
210 1098 276 1133 est
305 1106 403 1133 cum
437 1091 594 1132 inertia
624 1097 668 1132 et
696 1090 900 1133 socordia
937 1092 1172 1133 coniuncta
1201 1090 1421 1146 habetque

40 1147 263 1202 ‘laborum
305 1147 674 1201 intermissiones,
718 1147 855 1189 veluti
886 1162 999 1202 quae
1029 1148 1197 1202 laqueis
1229 1162 1281 1189 ac
1318 1147 1421 1189 reti-

67 1205 148 1248 bus
187 1205 337 1247 utitur.
407 1204 698 1258 Quamobrem
738 1220 824 1246 una
863 1205 1048 1246 maxime
1089 1202 1317 1260 probanda
1354 1210 1422 1246 est

67 1262 245 1304 venatio
287 1260 618 1317 quadrupedum
659 1276 732 1315 ea,
785 1274 896 1316 quae
944 1262 1151 1304 maiorem
1203 1259 1420 1316 quandam

68 1318 262 1374 corporis
302 1318 627 1361 contentionem
666 1324 710 1359 et
746 1319 1100 1360 exercitationem
1130 1317 1336 1372 requirit,
1379 1323 1422 1360 et

67 1375 134 1416 vel
173 1390 328 1417 canum
366 1381 410 1418 et
446 1390 656 1430 equorum
686 1375 846 1417 auxilio
879 1375 946 1416 vel
976 1376 1106 1420 etiam
1137 1375 1315 1432 propria
1345 1389 1420 1416 cu-

66 1432 218 1487 iusque
251 1447 383 1489 opera
414 1432 636 1490 peragitur
667 1433 729 1488 (p.
763 1433 858 1474 82⁶2.
889 1432 938 1473 C.
975 1457 1024 1463 a
1057 1433 1183 1482 824).
1215 1456 1270 1462 -
