1644 2886
272 98 349 137 ⁴276
745 95 1121 142 PLATONIS

270 212 549 268 μνασάμενος
584 212 661 255 τοῦ
694 213 753 268 μὴ
801 221 1164 271 γεγυμνασμένου.
1207 216 1416 275 καθάπερ
1450 218 1534 276 γὰρ
1572 218 1594 262 ὁ

271 280 418 328 τελέως
463 277 736 335 παγκράτιον
772 279 967 333 ἠσκηκὼς
1001 279 1026 333 ἢ
1064 279 1239 338 πυγμὴν
1273 280 1299 335 ἢ
1336 284 1479 336 πάλην
1516 283 1596 328 οὐκ

271 342 361 387 ἀπὸ
421 345 502 399 μὲν
565 346 652 387 τῶν
718 343 961 402 ἀριστερῶν
1024 347 1246 398 ἀδύνατός
1307 354 1395 392 ἐστι
1466 349 1593 406 μάχε-

229 468 232 470 A
274 412 410 460 σθαι,
439 412 641 465 χωλαίνει
680 414 725 454 δὲ
772 414 844 455 καὶ
892 415 1114 470 ἐφέλκεται
1164 417 1442 470 πλημμελῶν,
1489 415 1595 460 ὀπό-

273 491 356 518 ταν
398 475 541 519 αὐτόν
587 493 650 527 τις
693 478 995 533 μεταβιβάζων
1038 482 1105 523 ἐπὶ
1151 478 1324 537 θάτερα
1371 481 1595 542 ἀναγκάζῃ

275 544 519 592 διαπονεῖν,
561 542 726 586 ταύτὸν
776 544 846 596 δὴ
873 544 1015 596 τοῦτ’,
1060 546 1201 602 οἶμαι,
1245 549 1318 590 καὶ
1359 552 1402 590 ὲν
1445 546 1596 598 ὅπλοις

274 611 346 651 καὶ
401 613 446 650 ὲν
497 617 587 659 τοῖς
643 607 792 660 ἄλλοις
844 613 950 654 πᾶσι
989 611 1071 666 χρὴ
1130 614 1374 669 προςὸοκᾶν
1432 613 1605 670 ὀρθόν,

274 671 344 716 ὅτι
389 674 466 717 τὸν
509 675 632 718 διττοὶ
681 678 743 720 δεῖ
784 683 1040 731 κεκτημένον
1084 677 1149 728 οἷς
1198 678 1413 733 ἀμύνοιτό
1455 679 1493 721 τ’
1536 678 1593 723 ἂν

275 743 346 783 καὶ
391 744 634 786 ἐπιτιθεῖτο
683 740 852 794 ἄλλοις,
895 746 1029 799 μηδὲν
1073 742 1214 798 ἀργὸν
1266 744 1432 788 τούτων
1486 749 1592 801 μηδὲ

274 806 571 862 ἀνεπιστῆμον
603 810 681 851 ἐᾶν
718 808 829 852 εἶναι
863 808 975 852 κατὰ
1012 809 1218 865 δύναμιν·
1286 810 1516 867 Γηρυόνου
1549 815 1592 855 δέ

273 889 317 926 γε
361 872 399 916 εἴ
445 890 507 923 τις
554 873 688 932 φύσιν
736 873 896 930 ἔχωνῆ
944 878 1016 918 καὶ
1051 875 1129 927 τὴν
1174 875 1371 936 Βριαρεω
1419 877 1591 934 φύοιτο,

364 999 402 1031 C.
453 998 516 1032 ὅτι
540 999 610 1031 τὸν
642 999 755 1032 διττὰ
781 1000 853 1042 δεῖ]
880 1000 921 1044 δὴ
946 1013 1010 1043 pro
1035 1002 1086 1034 δεῖ
1107 1005 1188 1035 Ald.
1214 1005 1299 1036 Lov.
1326 1004 1403 1038 Bas.
1431 1006 1460 1038 1.
1486 1006 1517 1039 2.
1546 1008 1590 1038 A.

275 1055 362 1078 corr.
388 1050 423 1077 et
444 1056 477 1077 x,
503 1045 595 1078 Dein
620 1045 806 1078 ἑπιτιθοῐτο
830 1048 854 1080 f.
880 1058 908 1079 r.
932 1058 964 1079 o.
991 1053 1024 1080 et
1048 1059 1137 1081 corr.
1169 1047 1205 1081 Ω.
1231 1060 1262 1082 a.

365 1091 464 1133 βέλη
491 1087 669 1135 ῥίπτειν]
696 1093 820 1134 ρἰπτεῖν
845 1094 877 1125 h.
902 1104 928 1125 r.
956 1105 987 1125 v.
1012 1104 1044 1127 a.
1072 1105 1099 1127 c.

276 1215 335 1246 eo,
371 1206 550 1247 quinon
590 1210 654 1237 est
690 1207 903 1238 exercita·

275 1256 356 1283 tus.
404 1251 566 1283 Similiter
597 1261 677 1283 mox
715 1252 789 1282 sine
819 1252 900 1283 arti-

275 1297 352 1328 culo
378 1296 518 1329 dicitur=
547 1294 690 1338 ἄρχουσί
710 1307 743 1327 τε
766 1294 819 1327 καὶ
844 1292 901 1337 ἆρ-

275 1340 416 1382 χούσαις
459 1342 509 1383 εἴη
542 1341 822 1384 προςτεταγμένα,
868 1343 901 1374 h.

276 1397 305 1420 e.
345 1384 490 1428 ἄρχουσί
519 1397 614 1420 τισιν.
675 1388 904 1429 Disputarunt

275 1434 319 1465 de
342 1433 526 1474 participio
550 1434 600 1466 sic
623 1434 752 1475 absque
777 1435 902 1466 articu-

275 1480 309 1510 lo
343 1483 508 1520 usurpato
533 1479 690 1511 Astius
714 1479 758 1510 ad
780 1479 900 1520 Remp.

274 1522 407 1565 p..430
444 1524 489 1555 ad
517 1524 626 1565 Legg.
650 1534 683 1565 p.
707 1523 762 1557 40
795 1524 898 1556 Mat-

275 1569 399 1601 thiae
424 1567 483 1600 Gr.
510 1567 570 1603 Gr.
595 1568 626 1609 ξ.
651 1569 728 1602 271.
753 1578 832 1600 ann.

320 1611 515 1655 καθάπερ
561 1611 638 1668 γὰρ
686 1611 704 1644 ὁ
748 1613 898 1644 τελέως

275 1656 538 1701 παγκράτιον
563 1655 779 1700 η’σκηκώς]
816 1659 899 1691 Vult

271 1706 378 1746 igitur
419 1705 607 1746 perfectum
651 1704 820 1745 pancratii
865 1714 898 1736 et.

272 1751 446 1792 pugilatus
471 1750 636 1782 artificem
658 1755 804 1790 utraque
828 1760 898 1782 ma-

273 1806 319 1828 nu
342 1797 463 1830 dextre
489 1796 551 1835 uti,
577 1805 620 1826 ne
645 1795 814 1827 claudicet
836 1794 897 1835 (al-

272 1847 347 1874 tera
373 1843 425 1873 sui
449 1846 546 1882 parte
574 1850 638 1872 usu
670 1840 898 1872 membrorum

275 1892 393 1928 captus
417 1887 462 1918 sit
487 1891 520 1918 et
553 1886 763 1927 prohibitus)
795 1884 899 1927 seque

273 1932 400 1964 attrahi
444 1937 570 1964 temere
610 1932 652 1963 ab
698 1932 898 1963 adversario

272 1979 441 2020 patiatur,
471 1977 610 2018 quando
639 1977 668 2008 is
701 1979 815 2017 ipsum
837 1987 898 2017 per

274 2024 343 2055 vim
368 2024 602 2063 circumagens
627 2027 728 2063 cogat
753 2023 897 2054 alteram

272 2073 404 2110 partem
427 2079 547 2100 versus
571 2069 740 2099 sustinere
761 2077 897 2108 pugnae

274 2116 437 2147 laborem.
484 2114 714 2146 Plutarchi
738 2112 896 2154 Sympos.

274 2160 320 2193 11.
356 2159 456 2193 5.»2.
495 2156 662 2197 ὠθισμοῖς
696 2158 748 2190 καὶ
783 2168 894 2197 περι-

274 2207 446 2246 τροπαῖς
467 2201 631 2245 ἀλλήλων,
664 2197 691 2246 ᾧ
725 2201 765 2244 δὴ
804 2201 895 2242 μάλι-

275 2247 334 2281 στά
373 2247 479 2290 φάσιν
525 2248 561 2280 ἐν
598 2247 786 2291 Λεύκτροις
817 2246 897 2279 τοὺς

275 2293 487 2337 Σπαρτιάτας
522 2292 590 2327 ὑπὸ
627 2295 692 2325 τῶν
732 2291 897 2335 ἡμετέρων

274 2341 518 2382 παλαιστρικῶν
562 2337 670 2372 ὄντων
713 2339 896 2380 καταβιβα-

274 2385 428 2439 σθῆναι.

317 2430 357 2464 C.
408 2427 470 2462 ὅτι
496 2427 571 2461 τὸν
601 2426 721 2461 διττὰ
744 2429 808 2461 δεῖ
839 2438 897 2461 κε-

273 2476 476 2518 κτημὰνον
502 2475 558 2517 -]
584 2475 628 2508 Η.
654 2484 682 2508 e.
714 2472 778 2506 τὸν
809 2473 898 2510 διττὰ

273 2521 472 2564 κεκτημένον
497 2519 562 2558 δεῖ;
584 2530 664 2552 nam
687 2518 739 2551 δεῖ
756 2530 817 2562 per
835 2521 896 2562 hy-

272 2569 440 2610 perbaton
464 2570 542 2599 ante
576 2564 776 2606 κεκτημένον
799 2567 894 2607 posi—

271 2619 353 2645 tum.
401 2613 490 2645 Dein
526 2609 629 2652 μηδὲν
668 2609 798 2643 τούτων
839 2612 892 2644 di-

272 2665 359 2690 etum
375 2669 436 2700 pro
453 2655 611 2698 μηδέτερα
626 2654 761 2694 τούτων,
777 2667 890 2698 quem-

968 1206 1152 1238 admodum
1187 1206 1270 1238 alibi
1305 1207 1406 1238 etiam
1444 1206 1492 1238 τίς
1526 1217 1589 1249 pro

969 1249 1113 1293 πότερος
1137 1252 1205 1283 dici
1232 1253 1457 1284 meminimus.

1014 1295 1243 1338 Γηρυόνου
1269 1297 1311 1328 δὲ
1335 1308 1377 1338 γε
1395 1298 1440 1329 εἶ’
1457 1299 1590 1340 tes—J}

969 1341 1045 1374 Hoc
1069 1344 1168 1375 dicitz
1195 1344 1248 1374 Ac
1274 1343 1302 1375 si
1327 1344 1403 1383 quis
1429 1344 1482 1375 vel
1512 1353 1590 1376 cen-

966 1388 1116 1420 timanus
1157 1392 1263 1428 esset,
1306 1389 1407 1419 etiam
1450 1389 1590 1420 deberet

967 1437 1101 1465 centum
1140 1434 1216 1465 istis
1256 1434 1411 1465 manibus
1446 1435 1517 1465 suis
1549 1435 1589 1465 in

966 1479 1153 1520 pugnando
1171 1484 1204 1510 et
1227 1479 1408 1510 iaculando
1433 1480 1590 1511 sollerter

966 1525 1015 1554 uti
1038 1534 1150 1565 posse.
1167 1523 1283 1556 Schol.
1305 1521 1483 1565 Γηρυόνης
1494 1523 1588 1565 Χρυ-

968 1567 1096 1610 σάορος
1110 1569 1163 1599 καὶ
1178 1565 1392 1610 Καλλιρρόης
1407 1570 1464 1610 τῆς
1484 1567 1587 1601 Ωκεα-

964 1614 1037 1651 νοῦ,
1089 1612 1250 1654 βασιλεὺς
1298 1610 1478 1655 Ἐρυθείας
1531 1616 1591 1656 τῆς

964 1660 1026 1690 νῦν
1051 1657 1194 1698 Γάδειρα
1219 1659 1433 1700 καλουμένης,
1459 1658 1498 1691 ὃς
1521 1660 1584 1700 εἶχε

964 1706 1062 1746 τριῶν
1104 1700 1238 1746 ἀνδρῶν
1285 1703 1438 1744 συμφυὲς
1484 1706 1588 1744 σῶμα,

963 1747 1136 1791 ἦνώμένθῖ)
1163 1748 1210 1780 &ts
1231 1760 1279 1780 ἐν
1317 1747 1399 1780 nal&
1437 1747 1496 1790 ῖὴν
1528 1762 1587 1791 γα·

963 1795 1070 1837 στὲρα,
1094 1793 1286 1835 ἐσχισμένον
1304 1805 1335 1826 τε
1351 1798 1437 1836 τρεῖς
1450 1791 1516 1826 ἀπὸ
1532 1797 1587 1827 λα-

966 1839 1077 1882 γόνων
1102 1851 1134 1872 τε
1164 1840 1216 1872 καὶ
1246 1841 1372 1880 μηρῶν.
1425 1840 1521 1871 Idem
1546 1841 1589 1873 de

964 1887 1125 1918 Briareo=
1160 1883 1316 1927 Οὐρανὸς
1340 1884 1376 1916 ἐκ
1399 1885 1467 1925 Γῆς
1499 1883 1588 1926 πρώ-

966 1941 1046 1963 τους
1091 1931 1192 1974 γεννᾷ
1232 1929 1380 1968 Κόττον,
1421 1929 1587 1972 Βριάρεω,

966 1975 1089 2019 Γύγην,
1113 1974 1345 2017 ἑκατόγχειράς
1370 1986 1402 2007 τε
1429 1977 1481 2007 καὶ
1509 1987 1586 2007 πεν-

965 2021 1108 2064 τήκοντα
1146 2019 1291 2061 κεφαλὰς
1331 2022 1473 2061 ἔχοντας.
1531 2022 1586 2054 De

963 2068 1107 2100 Briareo
1146 2067 1337 2108 ceterisque
1374 2066 1587 2099 Centimanis

963 2126 983 2145 v
1021 2113 1196 2148 Hesiod‚
1229 2112 1360 2152 Theog.
1397 2111 1472 2146 149.
1507 2113 1585 2146 502.

963 2157 1585 2200 Apollodor;1.1‚1.ibiqueintpp.

962 2205 1016 2236 De
1051 2203 1217 2244 Geryone*
1247 2203 1406 2235 consulas
1442 2204 1585 2243 Apollo-

963 2251 1039 2282 dor.
1063 2249 1110 2280 II.
1136 2248 1170 2289 5,
1188 2248 1241 2281 10.
1264 2248 1380 2289 ibique
1403 2249 1585 2289 Heynium.

963 2295 1109 2335 Utrique
1123 2304 1144 2325 a
1159 2294 1305 2325 Platone
1329 2294 1488 2324 similiter
1504 2303 1584 2325 eon-

964 2341 1140 2372 sociantur
1168 2338 1367 2378 Euthydem.
1391 2348 1424 2379 p.
1448 2339 1524 2372 299.
1544 2338 1584 2370 C.

1009 2386 1053 2418 D.
1105 2381 1215 2415 ὅπως
1272 2379 1498 2424 ἀρτίποδές
1547 2395 1586 2415 τε

965 2431 1031 2462 καὶ
1052 2425 1306 2471 ἅρτιχειρες]
1323 2429 1584 2470 Etym.M.150.

963 2477 1018 2510 29.
1060 2472 1175 2515 ἄρτιος
1224 2474 1276 2505 καὶ
1326 2471 1426 2517 ὑγιὴς
1472 2475 1582 2506 ποσίν.

963 2520 1149 2552 Grammat.
1171 2521 1208 2551 in
1233 2521 1365 2554 Anecd.
1383 2520 1529 2552 Bekker.
1555 2519 1583 2552 Ι.

961 2576 993 2607 Ρ.
1018 2565 1095 2599 448.
1115 2560 1346 2606 Ἀρτίπους-
1375 2562 1480 2606 ὑγιεῖς
1503 2561 1585 2595 τούς

961 2608 1070 2643 πόδας
1086 2610 1179 2650 ἔχων.
1199 2611 1317 2642 Utitur
1340 2611 1459 2642 eodem
1484 2619 1583 2642 voca-

959 2657 1037 2688 bulo
1075 2657 1175 2689 etiam
1217 2655 1458 2696 Sophocles
1497 2656 1582 2687 Tra-
