1644 2886
511 67 692 110 LIBRI·
718 67 925 111 SEXTI.
1349 72 1402 109 99

42 197 138 226 rum
174 181 354 223 tutelam
396 195 554 239 gerens
606 187 807 223 mortuus
857 181 939 232 sit3
986 180 1040 223 de
1091 195 1178 236 qua
1228 179 1405 235 quidem

43 253 90 282 re
128 238 384 281 brevissima
423 243 492 281 est
533 237 787 281 admonitio.
856 237 968 279 Tum
1006 252 1113 280 vero
1152 236 1256 280 inde
1292 252 1321 279 a
1360 253 1403 294 p.

44 296 140 338 766.
170 294 228 338 D.
269 294 326 337 ad
365 295 708 351 disputationem
745 294 957 337 transitur
996 293 1051 337 de
1086 293 1402 349 iudicibus,

42 352 166 396 cuius
195 367 364 394 summa
393 351 503 394 haec
533 359 613 396 est.
1178 376 1181 378 -

156 408 342 463 Civitas,
382 409 530 464 inquit
569 408 871 463 Atheniensis,
904 422 1039 463 quum
1068 423 1224 451 revera
1254 408 1405 451 futura

41 466 98 510 sit
136 466 280 520 nulla,
328 465 412 508 nisi
467 465 630 509 iudicia
678 465 865 519 habeat,
915 465 1044 521 plane
1094 480 1273 508 necesse
1321 472 1403 521 est,

41 522 239 566 idonei
286 522 513 566 iudices
573 523 931 579 deligantur3
980 523 1055 577 qui
1097 522 1272 578 quidem
1313 538 1405 569 ma-

38 579 314 638 gistratibus,
345 595 455 635 quos
485 580 619 637 vulgo
648 579 850 634 dicimus,
882 578 1001 621 haud
1031 594 1137 622 sane
1168 579 1404 623 dissimiles

39 644 153 680 sunt.
225 637 405 679 Debent
446 643 590 679 autem
635 636 711 692 qui
762 636 877 678 inter
916 650 962 678 se
1001 636 1105 685 lites*
1141 642 1186 678 et
1224 643 1403 680 contro-

40 694 203 737 versias
241 694 692 759 exercent,·primum
733 707 780 735 se
821 699 1077 735 convertere
1119 692 1174 734 ad
1217 694 1403 748 vicinos,
1463 742 1478 747 ἱ

39 750 225 805 amicos,
257 750 382 805 alios,
425 765 499 805 qu1
529 766 672 793 rerum
703 756 1080 793 contraversarum
1113 749 1231 791 haud
1261 750 1404 808 ignari

39 808 151 861 sint,
191 814 323 863 atque
360 808 570 864 experiri,
610 823 713 850 num
766 822 844 864 per
882 821 957 849 eos
1006 807 1211 863 componi
1257 809 1404 863 possit

37 865 349 908 controversia.
418 863 550 918 Quod
587 865 623 907 si
654 880 742 907 non
774 864 1034 920 contigerit,
1077 863 1133 906 ad
1176 864 1296 906 aliud
1334 865 1401 908 iu-

38 922 200 964 dicium
244 920 478 976 accedant,
531 928 574 964 et
615 922 653 964 si
690 937 745 964 ne
785 921 838 964 ab
879 921 962 964 hoc
1013 920 1191 976 quidem
1240 923 1401 964 iustam

38 979 393 1022 diiudicationem
441 979 717 1034 acceperint,
767 978 945 1020 tertium
998 978 1187 1034 denique
1239 978 1402 1022 adeant

35 1036 269 1090 iudicium,
313 1051 338 1077 a
379 1051 466 1090 quo
508 1035 683 1078 tandem
724 1036 778 1077 lis
820 1035 948 1091 plane
980 1034 1218 1077 dirimetur.
1280 1035 1399 1079 Con-

36 1094 275 1136 stituantur
312 1108 415 1134 vero
456 1099 629 1148 praeter
660 1093 872 1146 arbitros,
912 1107 1023 1147 quos
1051 1092 1138 1149 ipsi
1167 1092 1398 1149 litigantes

37 1151 238 1206 capiant,
289 1148 376 1191 duo
414 1149 602 1203 iudicia,
652 1165 788 1191 unum
837 1149 955 1204 quod
1004 1164 1183 1192 caussas
1235 1150 1399 1193 civium

35 1208 230 1264 privatas
267 1205 502 1258 diiudicet,
542 1207 750 1260 alterum,
781 1207 826 1248 in
859 1221 945 1261 quo
978 1221 1160 1248 caussae
1192 1206 1398 1262 publicae

36 1270 235 1321 agantur.
296 1262 474 1306 Iudices
514 1279 619 1306 vero
649 1264 839 1306 maxima
870 1278 968 1305 cum
999 1263 1214 1319 religione
1244 1278 1397 1306 creen-

35 1328 109 1363 tur
149 1321 218 1376 (p.
251 1321 344 1362 766.
377 1320 420 1362 D
452 1346 506 1351 —-
539 1322 633 1362 768.
667 1319 793 1374 C.).‘'
833 1319 924 1363 Sed
967 1321 1175 1375 quoniam
1216 1319 1399 1364 difficile

35 1384 103 1420 est
145 1377 313 1430 omnia,
356 1392 466 1432 quae
507 1377 594 1420 huc
623 1378 896 1434 pertineant,
929 1378 1014 1419 iam
1046 1391 1162 1419 nunc
1193 1384 1397 1421 accurate

35 1449 276 1491 exponere,
331 1434 587 1492 praesertim
637 1450 769 1489 quum
821 1434 1018 1476 nondum
1066 1434 1258 1491 scriptae
1310 1436 1399 1478 sint

34 1491 144 1534 aliae
174 1491 318 1547 leges,
349 1506 461 1546 quae
493 1490 549 1533 ad
580 1491 800 1534 civitatem
833 1491 1113 1545 civiliumque
1145 1507 1287 1534 rerum
1320 1491 1397 1535 ad·

33 1548 394 1591 ministrationem
433 1549 705 1603 pertineant,
747 1553 791 1590 et
830 1549 934 1604 quia
975 1548 1092 1602 eius,
1136 1549 1212 1604 qui
1242 1549 1397 1592 civita-

32 1611 120 1648 tem
149 1605 338 1660 aliquam
380 1605 545 1661 primus
586 1606 759 1648 ornavit
788 1605 984 1662 legibus,
1015 1605 1249 1662 plurimum
1283 1607 1396 1649 inte-

31 1676 151 1705 resse
191 1662 348 1715 debet,
392 1668 442 1704 ut
481 1678 592 1719 opus
632 1663 686 1706 ab
724 1663 821 1719 ipso
861 1662 1112 1705 inchoatum
1157 1662 1395 1719 aliquando

33 1719 368 1775 quamoptime
409 1719 689 1773 absolvatur,
731 1720 862 1762 etiam
902 1719 989 1761 hoc
1029 1719 1271 1762 curandum
1310 1728 1393 1775 est,

32 1783 82 1818 ut
118 1775 334 1831 quidquid
372 1776 418 1818 in
472 1778 642 1833 Legum
693 1776 969 1833 expositione
1021 1777 1154 1819 fuerit
1199 1784 1394 1834 praeter·-

32 1832 235 1885 missum,
278 1832 324 1874 id
367 1839 546 1887 postero
595 1840 791 1888 tempore
840 1833 1070 1889 expleatur
1110 1840 1244 1889 atque
1289 1850 1394 1877 con-

31 1896 282 1932 summetur.
322 1888 389 1931 Ut
405 1889 543 1946 igitur
570 1890 856 1945 perficiantur
885 1904 998 1944 quae
1037 1891 1278 1933 manserint
1315 1891 1395 1933 im-

32 1946 240 2002 perfecta,
282 1947 580 2001 experimento
611 1946 674 1987 rei
704 1962 785 2002 per
821 1945 1000 2000 aliquod
1042 1953 1215 2002 tempus
1258 1948 1393 2002 facto,

32 2003 76 2044 in
115 2017 344 2045 commune
383 2017 436 2044 ea
466 2001 520 2044 de
558 2017 605 2044 re
635 2002 952 2045 consulendum
978 2008 1060 2056 est,
1092 2002 1393 2059 utendumque

31 2058 109 2112 iis,
150 2074 263 2115 quae
305 2059 588 2115 magistratus
634 2074 731 2102 cum
762 2060 908 2116 legum
939 2059 1197 2102 custodibus
1231 2060 1285 2103 de
1316 2061 1392 2104 ha-

30 2131 126 2158 rum
156 2115 459 2159 emendatione
490 2116 908 2159 communicaverint
938 2117 1000 2173 (p.
1031 2118 1129 2159 768.
1163 2116 1391 2162 C.—771.

30 2172 125 2225 A.).
156 2198 212 2204 —
271 2172 363 2217 Sed
400 2172 467 2215 his
510 2173 572 2215 ita
613 2174 826 2229 expositis
868 2179 1174 2217 convertamus
1214 2189 1296 2217 nos
1336 2175 1392 2218 ad

31 2228 138 2272 alias
177 2230 321 2287 leges,
361 2243 472 2284 quae
513 2229 671 2273 deinde
710 2230 837 2273 nobis
868 2229 1126 2273 scribendae
1157 2237 1272 2274 sunt..
1332 2233 1393 2275 Et

30 2284 197 2329 initium
239 2286 414 2344 quidem
456 2302 481 2329 a
511 2287 645 2330 sacris
675 2286 926 2330 faciendum
955 2298 1037 2330 est.
1098 2287 1269 2331 Divisis
1309 2289 1392 2346 igi-

31 2348 102 2384 tur
139 2359 223 2400 ope
260 2344 428 2387 numeri
480 2344 592 2386 5040
631 2344 748 2401 agris
779 2349 957 2386 nostrae
987 2343 1205 2399 civitatis,
1238 2360 1391 2400 quam-

32 2412 116 2452 que
158 2407 324 2456 partem
365 2399 448 2443 deo
492 2400 623 2443 alicui
662 2401 733 2442 vel
777 2400 960 2444 deorum
999 2400 1091 2443 filio
1144 2402 1391 2446 consecrari

33 2454 99 2497 sas
127 2462 210 2512 est,
241 2458 383 2514 iisque
414 2472 539 2500 sacra
568 2457 796 2512 constitui,
829 2472 940 2513 quae
971 2472 998 2499 a
1027 2457 1196 2500 civibus
1230 2458 1392 2503 obean-

31 2516 103 2553 tur
142 2519 272 2568 atque
311 2514 586 2558 celebrentur
624 2529 757 2568 quum
800 2513 973 2557 divinae
1014 2514 1182 2571 gratiae
1214 2530 1389 2572 compa-

31 2567 194 2611 randae
228 2585 406 2624 caussa,
450 2579 543 2614 tum
581 2572 712 2613 etiam
754 2586 807 2613 eo
836 2570 949 2625 fine,
988 2577 1039 2612 ut
1076 2571 1162 2627 ipsi
1200 2571 1315 2614 inter
1342 2583 1390 2615 se
1446 2574 1452 2581 ”

31 2625 290 2669 contrahant
319 2627 551 2670 amicitiam
592 2634 726 2682 atque
766 2633 966 2670 mutuum
1007 2635 1241 2670 exerceant
1270 2643 1385 2672 com—

1103 2696 1180 2734 7*
