1644 2886
252 87 332 126 452
746 83 827 124 1²11
842 86 875 123 Α
895 83 926 123 ἰ’
944 85 982 122 o
997 83 1033 124 N
1059 82 1119 123 ιε
1323 127 1332 135 .
1606 69 1644 140 {33}

255 217 396 243 neutro
433 198 666 254 ὀρθότητα
707 202 802 253 ἕχον
838 200 1054 254 δευτέραν,
1089 214 1160 239 και
1195 213 1294 246 τους
1332 195 1407 246 τὰς
1441 211 1618 255 φυσεις
1626 203 1644 245 ξ

257 269 635 322 διεφθαρμένους,
686 262 761 314 οὓς
811 262 969 315 ἥττους
1013 261 1160 305 αὐτῶν
1198 261 1593 319 npogmopeuonsv,

260 335 303 373 ἓν
349 335 470 383 μῖνος
517 327 594 378 ὄν,
648 329 943 385 περιλαβόντα

260 394 315 449 ut>
355 403 642 448 παρανομεῖν.

370 495 456 536 1<A
511 495 628 536 [Ioza
666 492 744 545 δής

361 593 458 634 ΑΘ.
499 590 558 608 ’“’

360 850 511 893 ἥττους
553 850 700 884 αὐτῶν
737 849 1150 907 προεαγορειὶομεν]
1199 850 1240 880 V.
1282 847 1620 891 προεαγορεύοιμεν.·

271 898 362 938 qnod
388 898 481 928 solus
507 901 623 928 tuetur
650 897 687 930 Ξ,
714 897 794 929 Par.
818 898 862 928 A
888 893 1010 933 αυτῶν,
1036 900 1123 927 teste
1149 894 1282 928 Bastio.

363 939 658 995 περιλαβόντα
684 943 775 982 τρία
800 941 902 983 γένη
927 936 1111 994 βιάζοιτ
1138 936 1198 981 ἂν]
1219 939 1315 972 Libr.
1343 948 1424 971 mss.
1450 942 1484 970 et
1508 938 1604 969 editt.
1641 939 1644 958 '³

273 997 406 1019 omnes:
445 983 629 1028 περιλαβὸι
656 984 692 1018 τὰ
718 987 790 1027 τρία
815 986 905 1028 γέιη,
935 980 1079 1027 βιάζοιτ’
1105 982 1157 1021 ἄν,
1181 984 1273 1025 quod
1292 994 1313 1016 a
1335 984 1435 1015 nobis
1459 983 1605 1024 primum

275 1110 423 1132 rursus
462 1104 667 1141 tanquam
708 1105 837 1141 turpe
868 1104 910 1131 et

275 1147 358 1176 lion
373 1149 513 1177 estum
568 1145 756 1177 secundo
813 1146 910 1176 loco

275 1191 400 1222 nobis
426 1191 466 1221 in
491 1190 592 1231 lege
623 1195 784 1229 ortum,
819 1200 912 1222 eon-

277 1235 728 1275 stitutum(sancitum)
741 1236 800 1267 eri
813 1240 826 1266 t
839 1236 913 1274 sic,

280 1282 452 1311 utitem
487 1280 648 1312 habeat
684 1281 914 1313 secundam

282 1327 386 1358 recti
409 1326 495 1357 rati
507 1335 635 1358 onem.
680 1326 818 1358 Etenim
842 1326 916 1357 vult

282 1371 510 1413 philosophus
550 1371 639 1403 hanc
669 1381 732 1412 pro
763 1371 914 1402 secunda

282 1418 358 1458 lege
390 1416 506 1449 valere
517 1440 526 1456 ,
562 1417 591 1447 si
621 1417 732 1457 prima
762 1418 838 1455 illa,
871 1416 914 1447 de

284 1472 352 1504 qua
375 1465 478 1493 antea
502 1462 711 1502 explicatum
742 1466 812 1502 est,
839 1461 913 1493 fan-

283 1512 337 1540 sto
362 1517 524 1538 successu
547 1511 581 1538 et
604 1517 772 1548 prospero
787 1510 914 1538 eventu

284 1553 443 1584 caruerit.
499 1551 594 1583 Male
621 1562 703 1583 vero
730 1553 916 1583 obscurata

284 1597 354 1628 loci
379 1597 551 1628 sententia
564 1597 630 1627 fuit
645 1601 812 1629 commate
834 1601 914 1627 ante

287 1639 461 1683 ὀρθότητα
486 1641 562 1681 ἔχον
585 1642 785 1683 interiecto,
821 1641 914 1682 quod

287 1691 379 1719 nnnc
402 1688 615 1719 sustulimus.

332 1729 530 1763 καὶτοὺς
553 1730 624 1762 τὰς
650 1726 917 1771 φύσειε-μὴ

292 1777 590 1819 παρανομεῖν.]
616 1777 683 1808 Hie
708 1784 845 1817 quoque
869 1775 920 1805 lo-

291 1833 349 1855 eus
374 1823 579 1863 interpretes
606 1822 670 1853 mii·
673 1831 727 1852 um
754 1825 919 1862 quantum

293 1869 440 1900 vexavit.
490 1868 628 1899 Etenim
653 1866 752 1898 codd.
781 1875 861 1897 mss.
890 1868 922 1895 et

292 1914 388 1945 editt.
415 1923 534 1946 omnes
567 1913 751 1944 lectionem
783 1914 922 1942 tuentur

292 1961 399 1991 hanc=
432 1956 618 1999 περιλαβὸν
653 1954 692 1988 τὰ
723 1967 796 1998 τρια
834 1954 926 1998 γένη,

294 2000 434 2045 βιάζοιτ’
458 2001 499 2034 ἂν
522 2002 565 2044 μὴ
585 2004 802 2044 παρανομεῖν.
827 1999 924 2039 Quae

295 2050 402 2081 verba
426 2050 495 2080 dici
518 2059 587 2081 non
612 2052 727 2089 potest
748 2057 848 2089 quam
866 2056 925 2077 va-

297 2096 347 2126 rie
373 2095 545 2135 explicata
569 2095 649 2126 sint.
705 2091 775 2124 Sed
805 2096 924 2122 uteun-

298 2149 363 2180 que
378 2149 419 2170 ea
439 2141 612 2179 explicare
625 2138 812 2176 studueris,
838 2140 928 2167 certe

299 2185 403 2217 nullis
429 2185 596 2215 machinis
621 2184 703 2215 inde
723 2182 928 2214 sententiam

300 2230 417 2261 elicies
453 2230 536 2261 satis
573 2230 745 2260 idoneam.
803 2227 929 2267 Itaque

300 2275 345 2307 ad
391 2275 666 2306 emendationem
713 2272 930 2313 confugimus

301 2330 363 2361 pro
389 2317 574 2360 περιλαβὸν
593 2317 629 2350 τὰ
645 2319 835 2351 scribentes
849 2326 930 2348 eon-

301 2367 419 2396 iuncte
451 2362 677 2405 περιλαβόντα
712 2368 816 2404 atque
852 2365 931 2403 post

304 2409 383 2451 γένη
428 2410 646 2441 eliminantes
681 2408 930 2449 interpunctio-

306 2465 394 2492 nem,
408 2455 502 2496 quod
511 2465 532 2486 a
541 2455 644 2486 nobis
659 2455 695 2485 in
704 2455 785 2485 edit.
796 2452 931 2484 Tauch-

307 2502 389 2532 nitz.
431 2500 631 2541 evulgatum
666 2499 748 2530 Her
758 2509 788 2530 m
797 2508 845 2530 an
855 2507 875 2528 n
887 2507 908 2527 u
917 2506 932 2528 s

309 2546 459 2577 scribita
471 2555 507 2576 se
519 2554 654 2586 quoque
661 2548 834 2585 repertum
848 2540 933 2578 esse,

309 2600 348 2622 ae
371 2591 564 2622 restitutum
590 2591 690 2621 etiam
714 2599 732 2620 a
757 2588 780 2620 S
793 2589 836 2620 ch
849 2598 867 2619 n
878 2598 893 2617 e
904 2588 931 2616 i-

507 594 558 649 1⁰,
594 607 638 633 τε
675 593 885 646 θεοσεβὲς
924 589 1018 644 ἅμα
1063 594 1134 632 καὶ
1171 589 1405 648 φιλότιμον
1439 592 1510 631 καὶ
1547 587 1619 630 τὸ.

264 659 322 711 μή
361 659 446 698 τῶν
482 656 708 710 σωμάτων,
743 655 856 699 ἀλλὰ
895 658 980 698 τῶν
1015 655 1190 710 τρόπων
1236 658 1313 708 τῆς
1349 657 1493 714 ψυχῆς
1526 653 1619 696 ὄνὲν

268 740 350 764 των
386 724 529 764 καλῶν
563 721 742 776 γεγονὸς
777 728 823 763 ὲν
858 724 1087 776 ἐπιθυμίᾳ.
1128 723 1269 764 ταῦτὰ
1306 718 1621 774 δήκαθάπερ]

1001 331 1117 384 τρία
1147 332 1273 382 >ivn
1301 323 1490 391 βιάζου-ἐὶ
1538 314 1633 388 ἂν).Ἰ

1190 450 1207 458 ι

978 1098 1079 1130 dero
1105 1097 1270 1129 videmus.
1318 1095 1451 1134 Quibus
1469 1096 1520 1127 ita
1534 1104 1606 1126 mu-

977 1144 1058 1175 tatis
1094 1147 1260 1184 protenus
1290 1142 1421 1173 omnia·
1443 1140 1536 1172 clara
1574 1141 1626 1170 et

978 1189 1161 1230 perspicua
1206 1187 1303 1218 fiunt.
1375 1185 1512 1217 Etenim
1560 1185 1628 1215 ita

979 1235 1124 1274 emergit
1148 1234 1328 1274 aptissima
1356 1241 1396 1262 ae
1429 1222 1635 1262 veiissima-‘l

980 1279 1151 1311 sententia
1194 1279 1295 1310 haec:
1343 1281 1470 1317 atque
1517 1285 1534 1306 e
1546 1283 1610 1313 os,
1629 1260 1644 1321 {1

982 1334 1163 1365 quorum
1201 1327 1364 1355 natura
1402 1322 1492 1352 er-it
1523 1327 1635 1362 cor-3

979 1373 1128 1410 rupta,
1177 1378 1285 1409 quos
1330 1366 1497 1408 quidem
1546 1365 1612 1396 sui
1630 1365 1644 1396 ‘l

979 1415 1175 1456 ipsorum
1200 1416 1464 1454 impotentes
1489 1419 1611 1441 voca·
1632 1411 1644 1450 Ὶ’ξ

980 1469 1024 1491 re
1045 1460 1246 1498 solemus,
1263 1463 1461 1498 tanquam
1486 1464 1644 1486 unum

983 1504 1187 1547 (civium)
1220 1513 1354 1544 genus
1387 1500 1614 1541 cingentia
1642 1522 1644 1538 3

981 1554 1022 1581 et
1035 1547 1448 1590 comprehendentia
1462 1547 1611 1587 triam·
1642 1546 1644 1550 ⁴

980 1595 1218 1636 lia)genera
1235 1594 1278 1624 vi
1297 1602 1374 1624 sua
1393 1591 1612 1628 efficient,
1642 1593 1644 1614 ἱ

982 1643 1025 1670 ut
1071 1638 1242 1678 legibus
1300 1638 1612 1677 obtemperent.

982 1685 1056 1716 Iam
1093 1693 1176 1715 vero
1213 1692 1380 1724 quaenam
1416 1683 1486 1713 sint
1528 1681 1615 1711 haec

985 1731 1052 1761 tria
1076 1738 1222 1769 genera,
1257 1728 1372 1759 statim
1396 1731 1476 1768 post
1501 1725 1614 1757 decla-

987 1779 1102 1812 ratur3
1133 1777 1213 1805 sunt
1245 1773 1334 1805 enim
1362 1770 1404 1826 ffb
1437 1769 1615 1811 θεοσεβὲς,

990 1818 1028 1851 τὸ
1047 1797 1234 1860 φιλότιμον,
1261 1813 1313 1848 καὶ
1339 1814 1376 1848 τὸ
1402 1815 1438 1847 ἐν
1453 1816 1518 1847 τῶν
1539 1812 1614 1857 τρό-

990 1875 1062 1896 πων
1087 1873 1146 1905 τηε
1169 1863 1279 1904 ψυχῆς
1304 1859 1412 1894 ὄντων
1437 1861 1546 1893 καλῶν
1563 1870 1616 1901 γε·

990 1921 1053 1952 γοι
1057 1907 1116 1943 ὸς
1125 1907 1160 1940 ἐν
1184 1907 1359 1949 ἐπιθυμίᾳ.
1395 1905 1551 1944 Quorum
1567 1910 1617 1937 ta-

990 1965 1067 1988 men
1090 1955 1159 1986 duo
1184 1955 1302 1995 priora
1331 1953 1367 1983 in
1397 1961 1503 1984 ιιιιιιιιι
1527 1961 1618 1983 com-

990 2001 1152 2054 plectitur
1174 1997 1410 2036 Atheniensis,
1437 1995 1475 2028 τό
1490 2007 1522 2027 τε
1535 1996 1617 2027 θεο-

994 2044 1091 2086 σεβὲς
1116 2042 1181 2083 ἅμα
1206 2044 1259 2075 καὶ
1287 2039 1462 2083 φιλότιμον
1488 2042 1618 2080 dicens,

992 2101 1064 2123 non
1087 2092 1211 2121 iterato
1237 2088 1381 2121 articulo
1411 2092 1445 2120 et
1467 2087 1620 2127 interpo-

994 2138 1060 2169 sito
1104 2146 1181 2174 αμα.
1240 2133 1474 2165 Nihilominus
1507 2137 1620 2164 tamen

993 2182 1080 2213 haec
1103 2185 1268 2222 tanquam
1292 2179 1374 2210 bina
1399 2177 1547 2220 spectari
1564 2177 1621 2207 de-

994 2227 1110 2258 buisse
1123 2250 1131 2265 ‚
1168 2224 1384 2266 perspicuum
1416 2227 1469 2254 est
1500 2231 1542 2253 ex
1567 2231 1621 2258 su-

996 2271 1202 2322 perioribus3
1215 2270 1248 2300 in
1261 2269 1384 2310 quibus
1397 2266 1624 2310 philosophus

996 2317 1150 2348 ostendit
1172 2316 1265 2346 cives
1289 2313 1426 2345 edoceri
1451 2316 1625 2353 oportere,

997 2363 1100 2394 istum
1134 2360 1260 2392 amoris
1297 2359 1397 2390 usum
1428 2367 1493 2389 nec
1531 2357 1644 2400 pium
1643 2381 1644 2387 ,

1000 2417 1075 2439 esse
1086 2416 1149 2438 nec
1158 2404 1331 2436 honestati
1344 2407 1624 2434 consentaneum.

1000 2451 1073 2484 Nec
1098 2459 1179 2483 vero
1203 2449 1237 2480 in
1263 2448 1432 2480 eiusmodi
1447 2456 1624 2479 enumera-

1000 2496 1153 2528 tionibus
1177 2503 1290 2525 rerum
1317 2493 1546 2525 consimilium
1575 2494 1625 2523 at·
1643 2440 1644 2517 i

1000 2551 1066 2582 que
1097 2541 1156 2571 uni
1188 2539 1367 2580 eidemque
1392 2538 1517 2578 generi
1548 2536 1627 2568 sub·
1642 2540 1644 2563 l

1000 2588 1163 2617 ieet-arum
1208 2585 1344 2615 articuli
1388 2582 1628 2623 repetitionem
