1644 2886
237 83 320 126 DE
352 78 626 124 LEGIBUS
660 77 774 120 LIB.
808 74 912 118 VII.
948 74 996 116 P.
1032 73 1125 114 795.
1158 69 1221 114 St.

1342 68 1420 110 ‘277

71 212 167 254 ταῖς
202 199 361 246 ἑκατὸν
393 202 541 256 χερσὶν
576 194 736 241 ἑκατὸν
771 197 835 238 δεῖ
871 195 974 250 βέλη
1020 189 1190 250 ῥίπτειν
1225 185 1419 234 δυνατὸν

69 271 163 316 δῖνα
169 289 204 313 ι.

253 269 422 312 τούτων
456 264 510 320 δὴ
555 262 735 308 πάντων
771 261 852 314 τὴν
894 262 1140 316 ἐπιμέλειαν
1173 253 1418 318 ἀρχούσαις

71 356 116 382 τε
153 339 224 381 καὶ
262 334 449 392 ἄρχουσι
484 336 549 377 δεῖ
582 333 843 388 γίγνεσθαι,
877 337 976 379 ταῖς
1011 327 1092 383 μὲν
1125 330 1172 370 ἐν
1218 326 1418 374 παιδιαῖς
1448 323 1490 365 D

71 423 117 450 τε
151 408 223 448 καὶ
259 410 450 462 τροφαῖς
484 398 736 448 ἐπισκόποις
769 401 1071 453 ycyvomivatg,
1110 399 1204 445 τοῖς
1238 395 1283 437 δὲ
1319 407 1418 447 περι

70 472 343 528 μαθήματα,
382 468 501 519 ὅπως
535 468 768 522 ἀρτίποδές
803 482 847 508 τε
870 467 944 508 καὶ
977 462 1218 519 ἀρτίχειρες
1255 457 1420 510 πάντες

70 557 117 584 τε
152 557 225 583 και
268 541 409 581 πᾶσαι
445 535 695 592 γιγνόμενοι
727 535 863 589 μηδὲν
897 539 990 582 τοῖς
1023 532 1176 574 ἔθεσιν
1219 525 1422 583 ἀποβλά-

72 623 209 651 πτωσι
245 606 326 656 τὰς
358 603 512 663 φύσεις
546 608 605 653 εις
635 600 685 646 τὸ
723 599 931 644 δυνατόν.

173 672 286 735 Cap.
322 670 406 715 VI.

479 670 544 714 Τὰ
583 673 628 713 ὁὲ
671 665 928 723 μαθηματα
965 681 1052 708 που
1095 662 1244 712 ὃιττα,
1280 660 1339 713 ὥς
1373 680 1400 715 y

73 747 228 790 εἰπεῖν,
268 739 529 796 χρήσασθαι
575 738 806 792 ξυμβαίνοι
852 732 931 785 ἄν,
981 731 1037 776 τὰ
1073 734 1154 789 μὲν
1188 729 1272 775 ὅσα
1322 732 1420 783 περὶ

74 809 123 854 τὸ
159 811 284 865 σῶμα
319 807 639 862 γυμναστικῆς,
679 802 733 846 τοὶ
772 801 812 846 δ’
855 801 1070 861 εὐψυχίας
1100 799 1234 857 χάριν
1269 812 1419 853 μουσι-

71 878 162 929 κῆς,
198 873 251 918 τὰ
290 877 334 918 δὲ
370 873 681 929 γυμναστικῆς
702 863 760 913 αὖ
804 869 899 920 δύο,
937 867 986 912 τὸ
1024 869 1105 923 μὲν
1141 864 1332 924 ὄρχησις,
1365 864 1416 907 τὸ

164 1030 209 1062 D.
261 1032 348 1061 τοῖς
382 1029 426 1062 δὲ
462 1030 556 1072 περὶ
590 1024 838 1070 μαθήματα]
865 1026 908 1058 V.
943 1025 1018 1066 περὶ
1045 1036 1083 1056 τα
1115 1021 1317 1065 μαθήματα,
1349 1031 1419 1054 uno

74 1077 161 1109 Ven.
190 1077 227 1110 Ξ.
251 1078 500 1109 consentiente.

75 1215 166 1246 chin.
193 1225 224 1247 v.
249 1213 305 1248 58.
333 1214 502 1246 Herodot.
536 1215 578 1246 al.
609 1213 710 1246 Simi—

78 1262 156 1292 liter
182 1262 309 1297 dicitur
333 1256 508 1302 α’ρτιμελής
532 1262 554 1294 i
582 1270 610 1292 e.
639 1257 710 1302 ὑγι-

77 1304 118 1348 ὴς
151 1310 222 1338 τοῖς
254 1306 394 1346 μέλεσιν.
421 1309 499 1339 item
535 1302 712 1348 ἀρτίφρων

75 1353 283 1406 Aeschyl.
330 1352 425 1395 Sept
469 1353 548 1385 adv
599 1353 711 1384 Theb.

75 1398 153 1433 777.
188 1393 410 1440 α’ρτίτροπος,
442 1400 525 1431 ibid.
553 1398 630 1433 323
666 1400 711 1433 al.

73 1446 194 1486 Atque
217 1445 263 1477 ad
291 1447 440 1478 eundem
471 1446 610 1477 modum
642 1446 712 1477 for-

73 1497 202 1523 matum
246 1487 437 1533 ἀρτίχειρες.
487 1491 713 1524 Descendunt

74 1538 158 1569 haec
188 1539 307 1570 omnia
329 1539 371 1570 ab
397 1536 479 1579 ἄρα),
505 1543 620 1580 apto,
646 1548 708 1569 un-

74 1584 117 1615 de
138 1578 243 1624 ἆριός
263 1585 318 1615 vel
341 1582 455 1626 ἄρτιος
479 1589 531 1616 est
555 1589 709 1625 aptum,

73 1634 328 1671 aptatum,
399 1630 709 1685 perfectum.

73 1675 151 1707 Hoc
185 1676 263 1708 loco
298 1677 408 1718 liquet
455 1672 640 1718 ἀρτίποδας
675 1682 710 1708 et

73 1718 261 1763 ἄριίχειραε
285 1723 448 1764 intelligi,
477 1724 536 1764 qui
561 1729 710 1764 utroque

72 1768 160 1809 pede
186 1773 220 1799 et
243 1773 390 1810 utraque
414 1779 517 1800 manu
542 1780 618 1801 cum
634 1770 708 1810 agi-

73 1815 172 1845 litate
197 1819 230 1846 et
254 1816 410 1847 sollertia
433 1816 486 1846 uti
511 1822 669 1856 possunt.

120 1859 206 1900 Cap.
235 1860 294 1891 VI.
330 1861 376 1892 D.
422 1858 479 1892 Τὰ
504 1858 548 1891 δὲ
572 1859 710 1901 μαθή-

74 1902 181 1944 ματά
230 1916 316 1937 που
355 1917 394 1929 4*
435 1903 710 1947 χρήσασθαι]

73 1951 121 1983 Η.
160 1961 190 1982 e.
226 1949 308 1983 ὥςτε
342 1950 538 1994 χρήσασθαι
575 1948 711 1995 αὕτοῖςζ,

74 1998 370 2039 disciplinae,
401 1999 560 2040 quibus
613 2000 712 2040 quis

73 2044 135 2075 uti
171 2046 338 2085 possit,
380 2046 472 2077 fere
516 2045 713 2086 duplicis

73 2091 250 2130 generis
274 2096 384 2123 sunt.
421 2110 464 2115 -
502 2087 558 2122 ὥς
590 2087 626 2132 γ’
662 2090 713 2123 εἰ·

75 2140 187 2174 πεῖν,
235 2143 279 2168 ut
327 2138 390 2169 ita
438 2138 644 2171 dicamus.
673 2155 712 2160 ——

75 2182 270 2215 Constabat
310 2185 402 2215 enim
431 2184 524 2225 apud
559 2182 714 2216 Graecos

73 2230 251 2261 institutio
276 2231 420 2271 puerilis
445 2231 557 2262 tribus
572 2231 714 2271 potissi-

73 2285 166 2307 mum
188 2276 359 2317 partibus,
381 2277 619 2318 grammatica,
646 2277 730 2318 qua'

74 2323 173 2362 pueri
196 2322 239 2354 ab
274 2324 523 2364 grammatistis
546 2323 599 2366 ⁴iu
624 2323 713 2354 litte-

73 2370 190 2399 'rm-um
214 2369 393 2401 elementis
409 2370 569 2411 ipsisque
590 2369 714 2401 litteris

76 2414 306 2447 elementariis
331 2417 599 2458 erudiebantur:
642 2426 714 2447 mu-

78 2461 166 2499 sica,
219 2471 308 2501 quae
357 2467 449 2494 artes
498 2462 716 2493 liberaliores

77 2505 383 2553 complectebatur-3
439 2509 518 2540 deni
525 2518 591 2549 qne
650 2519 712 2550 gy-

77 2552 257 2591 mnastica,
273 2563 360 2594 quae
374 2534 556 2596 spectabat
573 2555 618 2587 ad
649 2555 719 2586 cul—

79 2603 150 2628 tum
176 2597 398 2642 habitumque
423 2603 593 2643 corporis.
613 2600 714 2632 Unde

78 2643 286 2675 creberrime
336 2652 572 2680 memorantur
613 2646 713 2688 γράμ-

80 2700 180 2725 ματα.
216 2689 362 2732 μουσικὴ
403 2694 454 2724 καὶ
493 2693 709 2734 γυμνασιικιῖ.

782 1213 834 1244 vel
860 1207 1049 1254 γράμματα,
1076 1208 1264 1251 κιθαρίζειν
1289 1214 1322 1240 et
1355 1218 1417 1238 πα-

781 1260 895 1291 λαιέιι.
931 1269 962 1291 v
997 1257 1194 1297 Protagor
1213 1267 1244 1297 p.
1270 1254 1349 1289 312.

779 1316 856 1347 sqq.
889 1310 925 1336 et
958 1303 1026 1338 326
1077 1303 1190 1336 Alcib.
1220 1303 1238 1334 1
1281 1312 1314 1343 p.
1340 1253 1417 1334 IOBG.

782 1352 820 1385 F).
849 1351 983 1392 rheag
1009 1361 1042 1392 p.
1068 1348 1146 1383 122.
1163 1350 1205 1380 E.
1234 1349 1419 1380 Aristot.

780 1397 925 1431 VllLQ.
946 1396 1118 1429 med.:2
1142 1397 1190 1427 in.
1217 1394 1324 1427 Schn.
1350 1394 1420 1425 ἔστι

781 1443 818 1476 δὲ
855 1444 992 1485 τέτταρα
1029 1439 1158 1484 σχεδόν,
1195 1438 1215 1473 ἃ
1244 1437 1419 1472 παιδεύειν

778 1487 936 1529 εἰώθασι,
963 1487 1135 1532 γράμματα
1161 1488 1215 1519 καὶ
1236 1497 1418 1530 γυμναστι-

779 1548 816 1575 atq
809 1534 843 1567 ’ν
867 1537 920 1568 καὶ
950 1534 1134 1578 μουσικήν,
1172 1534 1226 1566 καὶ
1259 1533 1422 1574 τέταρτον

777 1583 863 1614 ἒιιοι
888 1579 1079 1626 γραφικήν·
1108 1580 1168 1624 τὴι
1180 1580 1242 1621 μὲι
1265 1591 1416 1623 γραμμα-

779 1626 875 1668 undu
911 1630 966 1661 καὶ
1004 1640 1177 1672 γραφικην
1219 1623 1267 1659 ὥς
1301 1631 1418 1669 χρησί-

780 1685 868 1716 μους
900 1673 989 1717 πρὸς
1021 1673 1082 1707 τὸν
1115 1675 1197 1716 βίον
1228 1671 1338 1706 οὔσας
1362 1674 1417 1705 καὶ
1446 1668 1464 1682 ”

781 1721 1056 1778 πολυχρήστους,
1083 1719 1144 1763 τὴν
1169 1719 1206 1752 δὲ
1237 1730 1419 1776 γυμιαστι-

780 1767 844 1811 κήν
877 1765 924 1800 ως
956 1769 1209 1802 ,0111ἵδίνουῦα7
1243 1764 1333 1808 πρὸς
1361 1778 1418 1798 av—

779 1813 896 1856 &peiren
927 1826 956 1846 κ.
991 1826 1016 1846 τ
1049 1815 1076 1846 λ.
1108 1814 1200 1846 conf.
1231 1815 1344 1855 intpp.
1369 1814 1414 1845 ad

779 1862 934 1893 Aristo
946 1862 1009 1902 ph.
1036 1860 1155 1896 Nubb.
1180 1871 1212 1893 v.
1239 1860 1318 1894 958·
1344 1870 1422 1901 sqq.

780 1907 986 1940 Perizon.
1034 1907 1081 1939 ad
1127 1906 1267 1938 Aelian.
1319 1906 1421 1938 Varr.

781 1953 872 1986 Hist.
905 1953 971 1985 ΠΙ.
996 1953 1050 1986 21.
1092 1952 1161 1986 Vll.
1200 1952 1256 1987 15.
1296 1950 1420 1986 Gssss.

781 1999 1096 2040 Erziehungswiss.
1118 1998 1207 2030 nach
1220 1999 1250 2031 d.
1267 1997 1421 2031 Grunds.

782 2046 814 2078 d.
841 2044 981 2079 Griech.
1017 2056 1050 2076 u.
1088 2045 1226 2078 Romer.
1263 2045 1300 2077 V.
1332 2045 1361 2077 Ι.
1386 2055 1423 2087 p.

783 2091 850 2125 125
898 2102 972 2134 sqq.
1033 2091 1218 2124 Becker.
1270 2090 1423 2124 Charicl.

785 2138 862 2169 vol.
883 2139 910 2172 Ι.
927 2149 961 2180 p.
978 2137 1022 2172 19
1047 2149 1122 2180 sqq.
1149 2137 1204 2169 De
1227 2138 1422 2170 litterarum

784 2185 895 2216 initiis
924 2185 1025 2217 Plato
1057 2185 1151 2216 infra
1177 2185 1314 2216 demum
1340 2184 1424 2216 inde

784 2241 805 2263 a
830 2241 863 2272 p.
888 2230 968 2266 809.
995 2231 1037 2263 Β.
1064 2235 1098 2262 et
1121 2230 1200 2266 818.
1228 2231 1273 2265 A.
1313 2232 1424 2263 disse-

783 2287 861 2309 rere
885 2279 1056 2317 instituit,
1093 2281 1323 2319 posteaquam
1351 2278 1425 2309 dis-

783 2325 920 2365 putatio
960 2325 1002 2356 de
1047 2325 1180 2356 musica
1214 2328 1249 2355 et
1282 2333 1426 2365 gymna-

785 2371 873 2402 stica
896 2371 1059 2402 absoluta
1094 2375 1156 2403 est.
1205 2369 1308 2408 Quod
1332 2373 1427 2402 certe

786 2426 886 2448 nemo
911 2418 947 2448 in
963 2417 1018 2448 his
1043 2417 1262 2448 sermonibus
1286 2416 1426 2448 mirabi-

788 2467 863 2502 tur,
894 2463 932 2495 in
961 2462 1086 2505 quibus
1117 2473 1239 2494 cursus
1269 2463 1425 2503 disputa-

787 2509 896 2540 tionis
921 2519 990 2541 non
1014 2518 1094 2541 raro
1119 2513 1172 2540 est
1196 2509 1353 2541 liberior.

836 2553 881 2585 τὰ
929 2553 972 2585 δὲ
1027 2555 1323 2596 γυμναστικῆς
1373 2548 1426 2586 αὖ

790 2599 871 2632 δύο
901 2602 959 2643 —]
984 2600 1088 2638 Quod
1114 2601 1215 2633 Plato
1240 2602 1428 2642 gymnasti-

791 2658 863 2679 eam
890 2648 924 2679 in
945 2648 1032 2679 duas
1058 2648 1184 2679 ‹ii-vidit
1208 2651 1335 2689 partes,
1358 2649 1422 2679 sal-

785 2696 950 2726 tationem
989 2700 1020 2725 et
1054 2695 1199 2732 luctam,
1246 2694 1280 2725 in
1318 2705 1357 2723 nu
1395 2705 1413 2726 a
