1644 2886
221 75 304 117 m:
339 73 620 118 LEGIBUS
653 73 772 116 ΜΒ.
808 60 914 117 vn.
948 73 995 113 P.
1030 74 1113 115 812
1145 71 1209 115 st.

56 194 126 227 Sed
151 194 262 226 multo
289 192 418 224 certius
444 191 549 224 etiam
573 190 701 223 confir-

55 248 152 273 mant
176 240 324 272 eandem
348 239 461 279 ipsius
484 237 595 269 verba
618 237 700 269 Pla-

53 282 161 326 tonis,
187 295 279 328 quae
305 285 472 317 continuo
508 283 701 316 subiiciun-

53 341 122 373 ων,
149 331 437 374 quandoquidem
462 330 581 362 omnia
594 333 701 371 atque

17 395 21 402 ι
53 379 207 420 singula,
233 377 292 409 ubi
311 378 406 408 illam
422 376 575 417 amplexi
594 375 700 407 fueri-

54 435 143 464 mus,
169 429 239 456 tam
254 425 373 464 plana,
388 428 458 454 tam
474 426 608 463 aperta,
629 426 700 453 tam

53 471 208 512 denique
244 469 400 502 dilucida
439 468 549 509 fiunt,
587 472 625 498 ut
655 468 700 499 de

54 523 130 548 toto
163 517 242 547 loco
268 525 313 547 ne
344 514 524 546 levissima
558 514 700 554 quidem

53 562 229 594 dubitatio
256 565 445 593 remaneat.
501 561 619 601 ltaque
644 559 699 591 his

52 610 103 641 ita
127 608 299 649 expositis
319 608 365 639 ad
381 607 507 638 horum
528 607 699 646 ipsorum,

53 664 143 696 quae
201 654 367 694 deinceps
423 657 699 693 consequuntur,

53 710 203 732 examen
229 700 396 732 accedere
422 698 551 730 licebit.
601 697 698 728 Affe-

53 751 176 778 runtur
202 750 338 785 autem,
375 745 405 776 si
431 745 516 786 quid
542 743 698 784 iudicare

53 801 255 834 possumus,
297 796 374 822 toto
416 790 483 822 hoc
524 789 605 821 loco
641 798 697 827 ea,

53 848 143 879 quae
167 838 212 869 ad
243 837 443 868 uberiorem
474 839 697 876 antegresso-

54 894 132 915 rum
194 883 380 914 verborum
440 882 698 923 expositionem

54 933 258 970 comparata
281 930 368 961 sint:
394 927 431 960 id
456 928 553 969 quod
574 928 628 958 vel
654 936 698 958 ex

53 986 120 1008 usu
145 975 348 1006 vocularum
375 973 428 1004 καὶ
455 970 496 1014 δὴ
523 972 699 1004 nac'intel-

54 1022 116 1062 ligi
141 1022 234 1053 licet.
260 1019 360 1058 Quae
385 1020 525 1061 quidem
549 1019 698 1060 triplicis

54 1071 135 1099 sunt
147 1067 297 1108 generis.
310 1066 401 1098 Nam
414 1066 576 1096 dicuntur
590 1065 699 1096 citha-

55 1114 161 1145 ristae
181 1113 330 1154 primum
346 1109 539 1152 πυκνότητα
551 1109 697 1151 μανότη-

56 1169 101 1196 τι,·
121 1159 248 1190 deinde
266 1156 364 1198 τάχος
383 1155 582 1198 βραδυτῆτι,
602 1157 699 1188 deni—

54 1215 121 1247 que
136 1201 284 1245 ὀξύτητα
297 1201 464 1244 βαρύτητι
478 1201 699 1243 παρεχέσθαι,

55 1261 202 1291 eamque
216 1247 406 1290 ξύμφωνον
418 1250 471 1280 καὶ
488 1247 696 1288 ἀντίφωνον

55 1296 156 1334 Quae
182 1297 301 1328 onmia
314 1296 434 1337 qualia
449 1297 518 1327 sint
535 1300 568 1326 et
593 1304 698 1335 quor-

55 1353 130 1374 sum
153 1343 364 1383 pertineant,
391 1342 515 1373 ordine
533 1342 698 1382 deinceps

56 1390 107 1420 ita
136 1389 314 1428 explicare
338 1388 564 1426 conabimur,
590 1391 628 1417 ut
653 1387 700 1418 si-

55 1435 126 1465 mul
167 1434 282 1466 locum
316 1433 496 1473 Platonis,
531 1437 700 1474 quantum

56 1480 185 1521 poterit
210 1480 305 1519 fieri,
338 1480 502 1512 subtilius
528 1480 698 1519 interpre-

55 1534 179 1558 temur.
221 1525 480 1563 Quaerentibus
505 1526 614 1566 igitur
638 1533 700 1555 no-

55 1572 109 1604 bis
141 1571 184 1603 de
219 1573 414 1612 primorum
444 1572 633 1603 verborum
665 1570 700 1600 vi

56 1623 90 1650 et
113 1622 288 1658 potestate
319 1623 402 1650 ante
427 1618 546 1649 omnia
575 1616 698 1648 defini-

55 1664 182 1695 endum
220 1673 296 1695 esse
330 1664 487 1703 videtur,
532 1663 616 1706 quid
653 1662 699 1693 sit

56 1706 240 1750 πυκνότης.
287 1710 341 1742 Ea
369 1719 450 1742 vero
476 1710 511 1741 in
546 1717 696 1751 quanam

56 1766 94 1787 re
118 1756 235 1796 posita
258 1755 382 1795 fuerit,
415 1756 501 1787 satis
534 1755 697 1796 explora-

55 1807 129 1832 tum
154 1801 313 1832 habetur.
339 1802 444 1833 Dicta
469 1802 560 1832 enim
585 1810 606 1832 a
624 1809 697 1831 mu-

57 1847 138 1878 sicis
164 1851 218 1878 est
243 1844 426 1887 πυκνότης,
453 1857 559 1888 quum
583 1845 699 1887 spatia

56 1902 228 1924 sonorum
266 1893 512 1933 principalium
558 1892 701 1923 interie-

58 1938 123 1970 ctis
141 1938 238 1970 sonis
265 1938 451 1970 mobilibus
468 1937 600 1969 maiore
617 1946 703 1978 qua-

57 1985 138 2015 dam
172 1993 299 2016 vocum
339 1984 509 2015 varietate
550 1984 702 2024 comple-

57 2030 197 2069 bantur,
222 2034 329 2070 atque
353 2030 397 2061 iis
423 2030 538 2068 sonis,
564 2030 623 2070 qui
649 2038 703 2060 es-

57 2081 135 2108 sent
159 2076 374 2116 interpositi,
401 2076 506 2107 etiam
531 2075 593 2106 alii
625 2084 702 2105 rur-

58 2132 118 2154 sus
141 2121 455 2161 interserebantur,
488 2122 540 2152 ita
569 2125 608 2152 ut
632 2130 703 2151 ma-

58 2168 112 2200 ior
127 2168 208 2200 inde
234 2172 438 2199 nasceretur
464 2177 585 2198 eorum
600 2166 704 2207 copia

58 2218 94 2245 et
133 2213 344 2255 frequentia.
392 2213 585 2245 Enimvero
625 2213 702 2243 uni-

59 2259 186 2301 cuique
210 2264 316 2298 certe,
341 2260 402 2300 qni
427 2259 561 2291 musica
582 2258 636 2289 vel
655 2258 702 2289 le-

62 2306 150 2337 viter
174 2306 389 2346 gustaverit,
424 2305 618 2337 clarissime
642 2313 703 2344 pa-

60 2355 134 2383 tere
157 2351 274 2391 debet,
298 2351 530 2383 fractionibus
546 2350 646 2392 quasi
669 2353 703 2380 et

62 2396 296 2429 solutionibus
339 2397 549 2438 quibusdam
595 2404 702 2427 sono-

62 2451 138 2473 rum
161 2443 198 2474 in
221 2447 339 2484 partes
366 2444 520 2475 minores
546 2447 580 2474 et
603 2445 702 2472 tenu-

62 2488 154 2519 iores
177 2488 358 2528 admissis,
384 2490 482 2530 ipsos
509 2487 699 2530 spissiores

63 2533 213 2564 existere
253 2538 288 2565 et
331 2536 430 2576 quasi
474 2534 702 2569 condensari;

64 2578 159 2619 quod
189 2578 303 2619 ipsum
333 2580 558 2613 πυκνοῦσθαι
591 2579 701 2620 signi·

62 2625 152 2656 fleat.
195 2623 352 2657 Pertinet
376 2627 442 2658 huc
468 2629 564 2659 locus
591 2626 699 2657 Plat.

63 2669 116 2700 De
135 2669 220 2711 Rep.
244 2669 326 2702 vn.
347 2681 379 2712 p.
399 2672 477 2706 531.
505 2674 563 2705 ubi
591 2672 701 2705 facete

1329 72 1411 112 345

770 200 833 222 nec
865 190 942 222 sine
971 189 1136 222 irrisione
1168 187 1414 220 describuntur

769 237 949 277 organici,
973 245 1017 268 ex
1042 235 1170 268 talibus
1193 233 1299 266 rebus
1329 234 1413 266 insi-

769 292 872 324 gnem
883 283 1059 324 quandam
1074 282 1163 314 artis
1176 280 1317 313 laudem
1332 289 1412 321 cap-

767 334 900 361 tantes:
940 327 1141 367 πυκνώματ’
1174 324 1247 359 ἄττ’
1284 323 1412 382 &fomi-

767 375 885 416 ζοντεε
903 375 957 406 και
984 372 1263 416 παραβάλλοντες
1280 371 1317 404 τὰ
1340 367 1414 404 ὦτα

770 417 848 453 οἶον
862 419 900 452 ἐκ
926 418 1093 463 γειτόνων
1113 417 1238 461 φωνὴν
1256 418 1412 461 &noevu-

767 477 864 507 μενοι
890 466 929 498 οἱ
951 466 1012 506 μὲν
1037 477 1146 507 φασιν
1169 466 1216 498 ἔτι
1246 476 1413 497 κατακου-

768 524 818 545 ειν
842 511 879 544 ἐν
906 513 1005 568 μέσῳ
1035 509 1120 555 ἦχήν
1149 523 1222 544 τινα
1249 513 1303 544 καὶ
1339 522 1413 551 σμι·

769 557 938 601 κρότατον
971 554 1059 591 εἶναι
1093 559 1196 591 τοῦτο
1231 556 1413 600 διάστημα.

767 606 813 638 ad
838 615 941 647 quem
967 606 1083 638 locum
1115 606 1217 648 plura
1240 606 1283 637 de
1310 615 1352 637 ea
1376 614 1415 636 re

767 651 992 684 commentati
1035 662 1166 684 sumus.
1218 650 1292 683 Nec
1328 660 1414 682 vero

767 699 884 730 aliena
910 702 991 729 sunt
1013 698 1078 729 illa
1104 697 1288 736 Quintil.
1306 697 1413 729 Insti-

766 749 831 775 tut.
858 742 956 776 Orat.
982 743 1069 775 XII.
1086 744 1141 778 10·
1168 742 1224 777 68.
1250 743 1310 774 ubi
1334 743 1414 775 rhe-

765 795 823 822 tor
861 790 1078 822 clarissimus
1122 790 1209 822 haec
1252 789 1413 831 scripsit:

765 834 895 868 Eadem
920 835 1121 868 musicorum
1146 834 1238 867 ratio
1259 838 1328 870 est,
1356 834 1416 877 qni

765 892 866 924 quum
890 880 926 912 in
951 880 1088 914 cithara
1117 880 1262 924 quinque
1286 879 1411 912 consti-

765 931 900 959 tuerunt
943 938 1060 968 sonos,
1096 926 1250 971 plurima
1290 926 1415 958 deinde

765 972 932 1005 varietate
979 975 1146 1015 complent
1190 972 1306 1015 spatia
1350 971 1414 1004 ina

765 1030 958 1057 nervorum,
982 1022 1088 1062 utque
1112 1018 1174 1058 iis,
1201 1029 1282 1060 quos
1305 1017 1412 1050 inter-

765 1070 961 1106 posueruut,
988 1065 1139 1097 inserunt
1154 1064 1254 1104 alios,
1272 1066 1310 1095 nt
1327 1074 1411 1107 pate-

766 1109 798 1143 ei
829 1109 883 1141 iun·
914 1110 1081 1142 transitus
1117 1109 1241 1142 multos
1279 1108 1415 1152 gradus

766 1155 925 1196 habeam.
948 1156 1123 1188 Nimirum
1138 1156 1222 1197 quid
1236 1156 1284 1187 ibi
1303 1156 1412 1196 signi-

766 1202 907 1241 ficetur,
939 1202 1095 1234 declarat
1123 1202 1280 1234 dilucide
1301 1211 1412 1234 anno-

766 1249 854 1280 tatio
880 1247 1093 1280 Boeckhii
1126 1250 1162 1280 in
1198 1249 1284 1280 edit.
1311 1247 1414 1290 Spal-

767 1294 863 1335 ding.
895 1294 973 1326 Vol.
1003 1294 1059 1326 lV.
1083 1305 1116 1335 p.
1142 1294 1212 1329 610
1235 1305 1288 1335 sq.
1344 1293 1412 1326 Co-

768 1340 951 1380 gitandum
979 1346 1032 1372 est
1064 1342 1156 1372 enim
1182 1342 1225 1373 de
1257 1340 1414 1382 quinque

767 1387 928 1418 terminis
955 1386 1194 1419 immobilibus
1210 1387 1414 1428 systematis

768 1433 856 1472 eius,
882 1433 978 1473 quod
1002 1433 1084 1464 inde
1101 1433 1145 1464 ab
1163 1432 1413 1464 Aristoxeneis

768 1484 843 1510 erat
868 1479 1154 1519 usitatissimum,
1182 1480 1310 1520 quibus
1336 1479 1412 1520 qui-

769 1525 848 1556 dem
874 1525 1033 1556 terminis
1059 1526 1119 1556 alii
1148 1526 1225 1556 soni
1253 1525 1414 1567 mobiles,

767 1580 831 1611 pro
875 1571 982 1602 variis
1015 1571 1068 1602 illi
1107 1571 1297 1611 generibus
1334 1571 1414 1602 har-

766 1617 906 1648 moniae
940 1617 1046 1657 varii,
1083 1617 1414 1658 interponebantur.

767 1661 838 1694 Sed
880 1663 1080 1694 uberiorem
1125 1663 1247 1695 harum
1296 1673 1414 1695 reruni

767 1709 930 1740 notitiam
955 1710 982 1740 si
1012 1709 1071 1751 qui
1094 1709 1160 1740 sibi
1188 1714 1366 1750 expetant,
1389 1709 1413 1740 ii

767 1755 896 1786 adeant
911 1754 1184 1786 Bullialdum
1210 1757 1255 1786 ad
1275 1755 1412 1787 Theon.

768 1800 906 1841 Smyrn.
939 1811 971 1841 p.
997 1800 1075 1835 277.
1102 1807 1137 1831 et
1163 1800 1229 1834 144
1253 1812 1304 1843 sq.
1344 1800 1413 1832 Ni-

768 1846 959 1878 comach.
1002 1846 1172 1878 Harmon.
1216 1857 1249 1886 p.
1290 1847 1347 1880 13:
1381 1850 1416 1877 et

768 1891 829 1925 39.
856 1893 1118 1924 Aristoxen.
1145 1902 1179 1932 p.
1205 1891 1260 1925 24.
1287 1893 1344 1927 50.
1370 1892 1416 1925 62

771 1949 826 1979 sq.
861 1943 895 1968 et
938 1947 981 1968 ex
1024 1938 1282 1970 recentioribus
1333 1942 1416 1970 ante

772 1987 907 2015 ceteros
943 1993 1062 2015 omnes
1099 1984 1127 2014 B
1145 1994 1165 2015 o
1183 1995 1200 2015 e
1215 1984 1416 2015 ckhium

773 2028 968 2060 Comment.
1005 2028 1062 2060 De
1096 2031 1214 2062 anima
1249 2030 1413 2062 mundari.

773 2074 924 2114 Platon„
950 2085 1039 2116 qnae
1059 2077 1194 2108 inserta
1211 2081 1263 2108 est
1278 2075 1415 2108 Studiis

772 2120 982 2153 aDaubio
1001 2126 1035 2152 et
1058 2121 1281 2153 Creuzero
1305 2132 1415 2163 quon-

770 2168 852 2198 dam
876 2168 1051 2208 evulgatis
1078 2168 1158 2199 Vol.
1185 2168 1241 2199 ΙΙΙ.
1273 2168 1309 2199 Ρ.
1335 2168 1357 2199 l.
1383 2178 1416 2209 p.

768 2212 827 2247 30.
861 2223 936 2254 sqq.
969 2218 1002 2243 et
1033 2213 1087 2246 De
1119 2214 1238 2246 metris
1269 2213 1415 2246 Pindar.

770 2258 868 2289 Libr.
904 2259 960 2290 lll.
994 2258 1080 2301 Cap.
1117 2260 1148 2294 7.
1175 2271 1208 2302 p.
1235 2259 1304 2294 208
1336 2270 1414 2301 sqq.

770 2304 845 2336 Nos
873 2306 970 2336 ’enim
1006 2315 1070 2346 pro
1108 2307 1256 2339 consilio
1293 2310 1415 2338 nostro

770 2351 856 2381 satis
895 2351 1064 2383 habemus
1096 2357 1166 2384 rem
1203 2362 1306 2393 quam
1338 2352 1415 2383 bre-

771 2396 915 2428 vissime
947 2398 1166 2438 exposuisse.
1215 2397 1291 2429 Iam
1319 2407 1415 2436 vero,

773 2439 987 2495 πυκιότητος
1035 2445 1174 2475 ratione
1217 2444 1416 2484 explorata,

771 2488 874 2519 etiam
893 2489 981 2520 illud
1004 2491 1228 2536 perspicuum
1246 2490 1323 2521 fore
1339 2499 1416 2531 spe-

771 2543 907 2574 ramus,
942 2535 1037 2576 quod
1067 2536 1112 2567 ad
1137 2533 1329 2577 μανότητος
1355 2545 1415 2568 na-

771 2584 898 2611 turam
943 2581 1190 2613 declarandam
1249 2582 1413 2622 pertinet.

771 2625 868 2657 Haec
898 2627 990 2658 enim
1021 2637 1129 2668 quum
1157 2627 1196 2667 τῇ
1229 2624 1415 2668 πυκνότητι

769 2673 813 2702 sit
840 2674 1030 2710 contraria,
1056 2673 1216 2713 profecto
1243 2674 1331 2705 nihil
1352 2684 1412 2715 po-
