1644 2886
230 87 311 129 DE
344 85 620 130 LEGIBUS
653 86 772 128 LIB.
807 85 910 128 VII.
943 86 989 127 P.
1019 89 1114 129 814.
1149 86 1212 129 St.
1332 87 1408 126 361

65 211 175 261 ἔργῳ
223 207 354 260 λόγος
396 204 720 258 ἀκολουθήσας
764 204 937 266 μηνύσῃ
984 221 1021 247 τι
1065 207 1205 262 σαφὲς
1239 205 1328 246 τῶν
1368 220 1412 247 τε
1447 199 1487 239 D

66 275 212 317 ἄλλων
247 269 309 316 ὧν
343 273 483 330 εἴρηκε
519 279 615 329 πέρι
651 291 722 316 και
761 270 831 315 ὅτι
852 274 902 333 τῆ
931 273 1139 334 πολεμικῇ
1173 270 1292 331 μα’χη
1329 288 1408 314 πα-

67 344 155 384 σῶν
201 357 408 394 κινησειυν
459 341 596 391 ὅντως
649 343 737 384 ἐστι
798 338 1003 393 ξυ99ενν)ς
1059 335 1171 382 πολὺ
1215 338 1407 395 μάλισθ’

70 408 173 464 ἡμῖν
220 407 247 461 ἡ
295 408 480 460 τοιαύτη
524 410 666 459 παλη,
711 410 782 451 καὶ
830 406 881 460 δη
931 425 1002 449 και
1039 405 1106 449 ὅτι
1145 408 1208 449 δεῖ
1245 405 1413 460 ταύτην

68 480 232 528 ἐκείνης
263 475 396 532 χάριν
431 475 719 529 ἐπιτηδεύειν,
764 474 865 518 ἀλλ
917 476 998 518 οὐκ
1045 480 1212 527 ἐκείνην
1249 491 1415 527 ταυτης

67 548 191 587 ἕνεκα
226 544 499 599 μανθάνειν.

172 645 273 687 ΚΛ.
347 647 505 696 Καλῶς
543 642 675 687 τοῦτο’
710 661 756 698 γε
792 646 938 698 λὲγεις.

176 745 286 807 Cap.
330 744 506 790 XVIU.
576 747 675 790 ΑΘ.
748 748 846 788 Νῦν
882 745 934 797 δι’]
973 747 1052 797 τῆς
1087 749 1166 799 μὲν
1197 750 1291 800 περὶ
1332 763 1415 788 πα-

71 818 282 869 λαίστραν
328 813 552 869 δυνάμεως
596 813 642 856 τὸ
689 820 809 868 μέχρι
857 812 978 868 δεῦρ’
1043 811 1144 868 ἡμῖν
1190 815 1414 867 εἰρήσθω·

71 885 166 937 περὶ
203 884 247 924 δὲ
283 884 362 934 τῆς
397 880 533 934 ἄλλης
568 879 774 932 κινήσεως
809 879 977 931 παντὸς
1013 881 1090 923 τοῦ
1114 880 1329 935 σώματος,
1365 877 1416 934 ἧς

72 950 119 992 τὸ
171 951 376 992 πλεῖστον
424 955 556 1004 μέρος
602 946 781 1003 ὄρχησίν
830 949 929 990 τινα
978 965 1043 998 τις
1078 947 1416 1004 προςαγορεύων
1461 940 1496 982 Ε

70 1016 227 1071 ὀρθῶς
261 1013 318 1058 ἂν
352 1019 621 1075 φθέγγοιτο,
668 1017 747 1058 δύο
792 1017 872 1070 μὲν
909 1015 1050 1067 αὐτῆς
1086 1015 1177 1068 εἴδη
1223 1015 1308 1071 χρὴ
1345 1034 1418 1061 νο-

70 1085 206 1139 μίζειν
249 1083 385 1136 εἶναι,
431 1082 514 1136 τὴν
557 1088 637 1139 μὲν
682 1084 769 1125 τῶν
813 1084 1054 1140 καλλιόνων
1099 1085 1314 1138 σωμάτων
1349 1089 1416 1127 ἐπὶ

72 1152 121 1194 το
159 1149 320 1207 σεμνὸν
355 1158 644 1207 μιμουμένην,
679 1148 761 1203 τὴν
799 1152 844 1193 δὲ
881 1153 967 1194 τῶν
1002 1150 1237 1206 αἰσχιόνων
1268 1154 1335 1195 ἐπὶ
1364 1150 1414 1195 τὸ

167 1280 233 1311 No
244 1293 259 1310 ν
290 1280 333 1321 δὴ
370 1286 445 1323 τῆς
469 1287 541 1324 μὲν
570 1283 664 1326 περὶ
688 1283 747 1325 π]
777 1284 893 1315 Astius
920 1283 1023 1315 etiam
1050 1287 1130 1315 ante
1154 1286 1214 1323 τῆς
1239 1284 1342 1316 inseri
1368 1285 1417 1317 iu-

73 1327 131 1359 bet
158 1328 242 1368 ιιερί.
290 1328 362 1360 Sed
386 1338 417 1361 v.
444 1330 620 1372 explicatt.

165 1373 204 1405 Ε.
255 1372 403 1418 ἅρθῶς
427 1374 476 1406 ὃν
499 1375 773 1419 φθέγγοιτο]
799 1388 840 1407 αν
866 1386 934 1408 om.
965 1378 1002 1409 A.
1031 1386 1056 1407 r.
1082 1379 1117 1408 et
1144 1385 1194 1417 pr.
1222 1375 1269 1407 Ω.

75 1486 106 1520 7.
133 1491 222 1518 extr.
253 1496 283 1518 c.
310 1487 365 1521 19.
402 1498 434 1528 p.
460 1487 539 1522 817.
569 1487 606 1520 E.
634 1488 709 1522 ΧΙΙ.

75 1543 106 1574 p.
133 1532 212 1566 950.
242 1532 280 1563 B.
335 1531 405 1565 Sed
438 1543 504 1566 non
538 1544 625 1575 opus
657 1539 711 1567 est

75 1579 139 1610 nac
164 1578 435 1621 praepositionis
465 1580 709 1622 geminatione.

779 1493 834 1521 tes
868 1497 957 1519 essc.
1018 1487 1062 1519 Et
1100 1497 1239 1530 gravem
1278 1488 1416 1530 quidem

778 1535 869 1567 illam
896 1543 937 1564 ac
955 1534 1082 1565 seriam
1105 1535 1325 1567 saltationem
1345 1542 1416 1568 sta—

777 1580 844 1612 tuit
858 1580 912 1613 vel
938 1579 1096 1612 bellicam
1124 1590 1215 1619 esse,
1241 1580 1418 1623 πνρῤίχην,

74 1623 162 1657 Nam
187 1625 356 1665 genitivus
380 1628 443 1666 τῆς
464 1629 524 1668 μὲν
539 1625 711 1668 δυνάμεως

73 1674 176 1711 aptus
201 1674 255 1702 est
279 1681 321 1704 ex
345 1672 504 1713 sequenti
541 1671 579 1703 τό
607 1674 710 1716 μέχρι

74 1716 190 1758 δεῦρο.

120 1762 218 1805 περὶ
250 1762 291 1793 δὲ
321 1762 564 1803 τῆς-«ἄλλης
599 1761 711 1803 κινή-

75 1819 183 1843 σεως
218 1806 282 1849 ψ]
328 1808 440 1848 quod
483 1815 623 1842 autem
662 1808 711 1841 ad

78 1853 290 1894 reliquum
326 1854 464 1887 totius
501 1856 712 1896 corporis

77 1903 234 1932 motum
261 1899 446 1941 attinet,
477 1900 561 1933 duo
586 1902 713 1933 illius

76 1955 238 1984 genera
270 1950 458 1987 oportet
495 1951 711 1979 statuere.

77 1990 167 2024 Nam
193 1993 290 2032 περί,
325 1997 363 2023 nt
389 1991 466 2024 Lat.
501 1992 574 2033 de,
607 1994 711 2029 etiam

77 2037 238 2070 absolute
278 2038 434 2079 ponitur,
486 2039 534 2072 ita
574 2043 611 2071 ut
647 2049 713 2072 nou

76 2088 176 2116 arcte
197 2083 382 2117 cohaereat
406 2094 480 2117 cum
513 2086 605 2118 verbi
630 2095 712 2118 con·

77 2130 279 2162 structione.
331 2130 497 2173 Exempla
533 2133 581 2164 rei
615 2137 713 2164 nota-

78 2175 186 2208 vimus
217 2175 304 2207 bene
350 2178 457 2209 multa
492 2177 535 2210 ad
569 2177 713 2211 Theaet

46 2232 130 2264 .p..
143 2222 216 2257 179.
243 2222 286 2254 E.

125 2267 164 2300 Ε.
221 2267 297 2301 δυο
331 2270 406 2311 μὲν
439 2267 577 2310 αὐτῆς
616 2269 714 2311 εἴδη

77 2326 155 2358 χρη
183 2314 232 2356 ν.]
264 2315 356 2347 Duas
382 2314 608 2357 philosophus
635 2315 715 2349 facit

80 2364 195 2400 partes
229 2361 412 2395 universae
449 2363 642 2395 saltationis
669 2381 713 2386 -—

81 2404 112 2437 Ιι.
137 2415 168 2438 e.
198 2407 377 2441 artificiosi
409 2409 567 2450 corporis
599 2412 714 2441 motus

83 2459 159 2483 cum
187 2458 365 2486 venustate
398 2458 434 2487 et
458 2455 568 2496 gratia
595 2473 638 2478 —
664 2455 712 2486 al—

84 2500 214 2537 teram,
243 2509 332 2539 quae
363 2511 549 2543 corporum
588 2500 712 2543 pulcri-

82 2541 234 2575 tudinem
260 2553 334 2578 cum
354 2548 524 2588 gravitate
549 2547 714 2587 imitetur,

79 2589 247 2629 alteram,
269 2601 356 2632 quae
379 2593 520 2626 ridicule
545 2594 715 2637 exprimat

81 2644 265 2677 corporum
313 2638 570 2679 turpitudinem.
642 2639 713 2673 Sed

83 2682 260 2723 utriusque
284 2692 401 2718 rursus
426 2686 496 2720 vult
521 2686 608 2720 duas
635 2696 711 2728 par-

780 1627 832 1659 vel
871 1625 912 1657 ad
953 1635 1073 1667 pacem
1115 1631 1150 1658 et
1188 1628 1416 1668 tranquillita-

776 1678 845 1706 tem
871 1671 1005 1711 referri,
1032 1673 1223 1712 ἐμμέλειαν.
1251 1673 1416 1707 Saltatio-

778 1728 840 1751 nes
882 1717 1071 1751 Baccliicas
1109 1723 1226 1752 autem
1274 1720 1422 1754 dubitari

780 1775 886 1807 posse
911 1765 1098 1796 arbitratur
1121 1775 1284 1806 quorsum
1300 1767 1420 1800 referri

780 1815 954 1853 oporteat,
980 1810 1259 1852 quandoquidem
1287 1823 1353 1844 nec
1378 1813 1420 1846 ad

780 1867 890 1898 genus
915 1857 1091 1895 bellicum,
1117 1867 1182 1889 uec
1198 1859 1240 1890 ad
1262 1858 1418 1891 sedatum

781 1902 863 1935 innd
895 1907 931 1934 et
962 1902 1131 1944 placidum
1168 1904 1345 1946 pertinere
1370 1906 1421 1937 vi-

782 1948 940 1981 deantur.
996 1948 1173 1982 Describit
1204 1960 1286 1983 vero
1318 1960 1421 1983 accu—

781 1995 888 2027 ratius
945 1995 1218 2037 uniuscuiusque
1276 1997 1421 2030 virtutes

781 2043 850 2081 sic,
876 2044 914 2072 ut
938 2041 1016 2082 quid
1042 2041 1085 2073 ad
1111 2042 1298 2075 iuventutis
1323 2043 1420 2075 insti—

781 2088 952 2119 tutionem
978 2087 1145 2129 imprimis
1175 2090 1261 2121 utile
1286 2090 1350 2129 sit,
1377 2089 1420 2121 ab

781 2133 940 2166 omnibus
977 2133 1124 2173 intelligi
1167 2140 1284 2176 queat.
1340 2135 1420 2168 Non

781 2180 946 2212 inutiliter
977 2179 1021 2213 de
1055 2179 1117 2212 hac
1152 2182 1235 2214 artis
1272 2181 1419 2215 saltandi

782 2226 1018 2267 descriptione
1035 2226 1213 2260 Platonica
1239 2228 1417 2261 conseren-

782 2276 838 2304 tur
872 2283 962 2313 quae
1000 2274 1160 2315 exposita
1201 2276 1365 2316 leguntur
1400 2286 1420 2307 a

782 2318 966 2351 Kransio
1000 2320 1033 2351 in
1069 2319 1172 2354 libro:
1221 2321 1300 2353 Die
1333 2321 1418 2364 Gy-

782 2365 973 2397 mnnstik
999 2365 1073 2398 der
1100 2366 1314 2400 Hellenen
1342 2367 1418 2400 Vol.

781 2409 823 2442 ll.
851 2421 884 2452 p.
909 2411 978 2446 822
1004 2422 1079 2453 sqq.

827 2459 906 2489 τῶν
943 2457 1185 2491 καλλιόνων
1221 2457 1419 2502 μιμημιί·

782 2514 861 2533 των
892 2502 962 2535 ἐπὶ
991 2503 1038 2536 τὰ
1073 2503 1253 2548 σεμνὸν]
1287 2506 1419 2538 Dieno-

782 2558 859 2580 nem
894 2548 1001 2582 habes
1037 2550 1179 2584 eandem
1219 2551 1352 2584 Phileb.
1385 2563 1416 2594 p.

782 2594 837 2628 40.
865 2596 904 2627 C.
932 2599 1168 2638 μεμιμημέναι
1191 2600 1320 2639 (ψυχῆς
1336 2596 1418 2638 ἦδο-

782 2640 854 2682 ναί)
878 2640 941 2679 τὰς
963 2641 1107 2683 ἀληθεῖς
1140 2643 1194 2676 ἐπὶ
1220 2641 1260 2675 τὰ
1288 2642 1417 2686 γελοιό-

783 2698 876 2730 τερα.
903 2688 960 2722 ubi
987 2699 1015 2720 v.
1042 2698 1118 2722 ann.
