1644 2886
248 93 332 136 DE
364 91 638 136 LEGIBUS
672 89 789 133 1213.
821 88 928 130 VH.
960 87 1007 130 P.
1038 87 1137 129 803.
1170 84 1236 128 St.

1302 88 1305 90 ’
1340 86 1423 127 305

64 213 238 273 pomam}
285 216 358 256 καὶ
402 216 488 255 τίσι
534 211 642 253 ποτὲ
690 208 873 264 τρόποις
926 206 1131 259 ξυνόντες
1187 202 1278 247 τὸν
1298 205 1423 259 βίον

3 313 13 323 .
65 280 227 323 ἄυιστα
272 278 345 321 διὰ
396 280 477 322 τοῦ
511 278 626 321 πλοῦ
662 275 829 321 τούτου
869 276 946 326 τῆς
978 275 1091 326 ζωῆς
1125 272 1423 327 διακομισθη-

65 347 271 403 σόμεθα,
311 348 444 389 τοῦτο
493 350 672 388 σκοπεῖν
715 344 883 398 όρθως

931 344 1023 383 ἔστι
1067 340 1120 392 δὴ
1167 343 1320 382 τοίνυν
1366 355 1419 380 τα

67 416 156 456 τῶν
187 412 448 469 ἀνθρώπων
484 412 726 468 προέῃιατα
762 423 957 466 μεὶαιης
995 410 1076 463 μὲν
1105 407 1310 459 σπουδῆς
1343 405 1422 450 οὐκ

66 479 200 536 ἄξια,
241 478 493 533 ἀναγκαῖόν
539 495 587 531 ,ε
630 494 721 533 μην
757 477 1048 529 σπουδάζειν

1086 476 1224 518 τοῦτο
1260 475 1306 516 δὲ
1345 475 1423 516 οὐκ

65 549 254 604 εὐτυχές.
289 546 438 600 ἐπειδὴ
475 548 520 590 δὲ
555 544 764 588 ἐνταῦθα
801 549 942 598 ἐσμεν
980 543 1019 586 εἴ
1053 559 1144 592 πως
1180 539 1251 583 διὰ
1291 558 1424 596 προς-

69 691 210 734 qujdam
237 688 423 732 τροπιδεια.

69 820 233 848 cantuum
273 815 483 847 rationibus.
538 813 714 852 Quocirca

15 896 20 898 ⁷
69 862 144 903 via,
179 871 248 903 qua
280 861 324 892 ad
356 861 460 893 finem
492 861 712 903 propositum

68 908 184 950 possit
206 908 394 949 perveniri,
414 908 536 949 utiquc
553 908 621 938 iam
639 917 713 938 mu-

70 955 148 987 nita.
171 959 241 992 est3
268 964 478 995 quamquam
514 954 584 985 alia
609 955 713 984 etiam

71 1000 280 1042 prudentia,
308 1001 482 1041 sapientia
506 1005 540 1031 et
563 999 713 1031 consilio

12 1087 16 1092 .
70 1057 205 1086 eorum,
223 1047 281 1087 qui
300 1047 477 1078 civitatem
497 1046 718 1087 gubernant,

74 1103 139 1134 pro
164 1102 278 1123 rerum
305 1093 514 1124 condicione
540 1097 642 1124 erunt
666 1093 719 1123 in-

72 1139 293 1180 vestiganda.
330 1139 450 1179 Atque
465 1139 569 1170 etiam
585 1138 719 1169 alumni

73 1186 185 1216 nostri
213 1184 258 1216 iis
275 1183 380 1215 facile
395 1186 463 1215 iam
481 1185 718 1226 acquiescent,

74 1241 164 1272 quae
173 1231 326 1262 breviter
338 1231 598 1271 descripsimus,
607 1240 719 1270 quan-

75 1277 263 1319 doquidem
297 1277 367 1308 alia
403 1287 541 1318 quoque
578 1277 718 1317 genium

75 1332 248 1364 quemque
302 1332 400 1354 suum
454 1329 558 1364 atque
615 1323 718 1354 deum

74 1370 188 1410 ipsum
221 1369 264 1399 de
298 1369 479 1401 sacrificiis
513 1375 547 1400 et
581 1369 720 1400 choreis

74 1425 151 1447 esse
192 1415 396 1446 edocturum
444 1425 586 1456 sperare
626 1416 719 1457 licet,

74 1462 204 1503 quippe
230 1471 334 1502 quum
362 1462 428 1502 ipsi
455 1471 617 1502 magnam
639 1471 718 1503 par-

74 1512 142 1539 tem
169 1507 241 1538 ludi
268 1508 338 1538 sint
363 1508 507 1539 deorum
534 1512 568 1538 et
591 1509 719 1539 verita-

74 1554 120 1585 tis
145 1563 268 1595 parum
293 1554 495 1595 participes.
537 1554 633 1585 Haec
659 1564 718 1585 au-

75 1606 144 1631 tem
178 1599 272 1641 quod
301 1601 350 1631 ita
374 1600 628 1640 iudicavimus,
655 1610 718 1631 no-

74 1646 136 1677 lite
149 1646 281 1684 mirari,
299 1646 401 1677 deum
418 1647 508 1678 enim
527 1648 718 1687 respiciens

75 1701 118 1723 eo
145 1691 318 1723 deductus
344 1702 432 1732 sum,
457 1698 495 1723 nt
520 1703 610 1734 qnae
636 1703 717 1734 pro-

74 1737 152 1776 tuli,
168 1738 261 1770 haud
283 1743 488 1770 cunctanter
510 1739 718 1780 proferrem.

77 1783 166 1815 Esto
191 1784 313 1824 igitur,
340 1785 368 1816 si
396 1785 446 1816 ita
471 1785 590 1824 vultis,
609 1795 719 1826 genus

76 1835 233 1862 nostrum
261 1839 331 1860 non
354 1831 443 1862 adeo
461 1831 543 1869 vile,
561 1832 620 1862 sed
648 1835 720 1862 stu-

77 1877 136 1906 dio
163 1875 317 1915 quodam
342 1876 525 1916 dignum.“
559 1877 636 1907 Hoc
655 1877 722 1917 igi—

77 1926 135 1952 tur
161 1925 214 1952 est
238 1921 304 1952 loci
340 1926 601 1962 argumentum,
627 1923 723 1964 quod

79 1968 138 2008 qui
167 1967 473 1999 consideraverint
498 1968 617 2008 paullo
644 1969 724 1999 dili-

78 2013 239 2055 gentius,
275 2014 301 2044 ii
332 2013 585 2054 perfunctiaria
616 2024 725 2056 opera

77 2059 165 2090 illud
200 2063 385 2091 tractatum
424 2070 501 2092 esse
541 2060 723 2092 nobiscum

80 2109 232 2137 statuere
264 2107 469 2147 neutiquam
502 2106 723 2138 dubitabunt.

82 2151 132 2182 At
159 2151 323 2183 nimirum
355 2152 470 2183 defuit
509 2150 591 2184 huic
627 2153 725 2194 operi

81 2197 202 2238 utique
221 2198 343 2230 ultima
357 2208 479 2230 manus
485 2208 591 2240 ,quae
608 2200 727 2230 omnia

81 2248 185 2285 atque
215 2244 356 2285 singula
381 2244 533 2286 denique
558 2246 725 2287 expleret,

83 2295 357 2330 consummaret,
391 2291 594 2332 perpoliret.
642 2289 727 2323 Post

85 2331 283 2377 ofor,quod
308 2342 360 2368 est
385 2337 541 2378 sicuti,
567 2338 725 2377 veluti,

85 2379 333 2422 Stephanus
379 2393 451 2414 non
493 2383 644 2415 debebat
690 2381 727 2414 δέ

86 2425 226 2461 inferre,

133 2469 186 2509 τὰ
208 2471 436 2512 ’τροπιδεῖα
478 2471 498 2506 ι’·
512 2485 590 2516 noy
603 2471 726 2516 ρὰφε-

89 2515 186 2559 ται]
202 2516 262 2550 Sic
283 2521 385 2552 codd.
400 2521 523 2563 optimi
542 2531 606 2562 pro
632 2522 727 2561 vulg.

90 2561 255 2603 τροπίδια.
315 2565 511 2620 Utrumque
559 2573 626 2598 est·
676 2568 726 2599 ad

90 2607 276 2646 cuninam
312 2610 462 2654 (τρόπιν)
499 2613 658 2645 idonea
699 2624 725 2644 s

89 2652 612 2695 pertinentia.A!1udit=1r
643 2669 726 2690 vero

89 2698 157 2732 8ss
166 2698 253 2732 τοὺς
290 2711 354 2732 των
399 2705 517 2745 ψυχῶν
563 2703 726 2746 τρόπους.

145 2756 235 2788 Plat.
259 2756 348 2799 Opp.
375 2759 458 2810 Vol.
479 2761 522 2793 X.
548 2763 638 2795 Sect.
665 2763 710 2793 Π.

781 813 876 855 quod
902 812 1114 844 observasse
1138 814 1232 841 certe
1263 817 1336 840 non
1362 808 1429 840 erit

781 868 1092 900 supervacaneum.
1126 855 1266 888 Deinde
1281 864 1427 896 magno-

781 915 866 947 pere
890 905 1029 936 laborat
1052 903 1242 935 verborum
1268 906 1427 933 constru-

782 953 865 984 ctio.
912 949 1012 989 Quae
1037 955 1076 981 ut
1100 949 1167 981 sibi
1194 953 1346 987 constet,
1365 948 1428 979 eii-

784 998 946 1030 ciendum
978 1002 1031 1028 cst
1062 994 1164 1036 δρᾶν,
1190 994 1285 1036 quod
1321 995 1427 1025 inter-

785 1045 936 1098 positum
951 1043 1094 1074 videtur
1108 1042 1150 1074 ab
1165 1041 1285 1081 aliquo
1299 1039 1425 1079 sciolo,

785 1092 844 1132 qui
874 1085 999 1120 ιαιίὸν
1026 1086 1067 1130 δὴ
1094 1098 1165 1119 non
1192 1087 1328 1118 videret
1352 1096 1429 1117 esse

785 1137 970 1189 pariter,
995 1136 1143 1167 eodem
1176 1133 1312 1165 modo.
1353 1132 1426 1164 Eli-

785 1184 918 1214 minato
946 1192 1028 1213 vero
1054 1180 1232 1212 infinitivo
1261 1180 1330 1210 isto
1357 1189 1431 1211 om-

786 1230 846 1260 nia
877 1229 1066 1260 decurrunt
1099 1227 1290 1258 lenissime.
1338 1223 1428 1256 Nam

786 1280 868 1316 post
899 1273 1009 1306 ὅντως
1040 1269 1156 1305 αιῖιτῦι
1186 1269 1224 1303 τὰ
1258 1269 1431 1313 τροπιδεῖα

787 1322 915 1353 deinde
940 1331 1003 1362 per
1025 1320 1238 1362 epexegesin
1266 1318 1429 1350 additur·

788 1378 872 1398 ῗῖΟΙΠ,
908 1367 1039 1408 μηχανῇ
1070 1385 1113 1389 --·
1150 1375 1254 1396 tovlo
1291 1366 1432 1396 ΟΠΟΠΕῙΥ

789 1403 921 1454 ὄρθ’(ι33,
940 1415 975 1445 id
1003 1413 1096 1454 quod
1123 1422 1220 1444 more
1245 1411 1318 1443 fere
1345 1420 1427 1442 con·

786 1462 891 1492 stanti
916 1460 955 1491 fit
980 1461 1054 1491 sine
1081 1457 1341 1490 coniunctionis
1367 1456 1430 1488 ali-

786 1508 885 1538 cuius
911 1506 1126 1538 accessione.
1176 1505 1290 1536 Aliam
1321 1504 1428 1534 ratio-

786 1563 864 1584 nem
902 1553 984 1584 iniit
1021 1551 1197 1590 Astius,
1240 1550 1299 1591 qui
1347 1554 1428 1581 ante

785 1596 897 1630 ὅντως
922 1617 965 1623 --
991 1596 1267 1638 καταβάλλεσθαι
1300 1596 1428 1628 intelli—

788 1647 840 1687 git
883 1645 1079 1684 seilicet,
1128 1649 1162 1675 et
1199 1642 1245 1675 ad
1289 1645 1430 1674 σκοπεῖν

788 1693 926 1733 supplet
964 1689 1064 1727 aste,
1106 1691 1174 1722 hoc
1219 1700 1342 1722 sensu:
1393 1695 1430 1720 ut

789 1743 1134 1780 perscrutemur,
1168 1737 1273 1779 ποίᾳ
1302 1735 1432 1777 μηχανῇ

790 1803 831 1808 ——
850 1782 1211 1824 διακομισθησόμεθα.
1242 1783 1345 1821 Quod
1375 1793 1431 1813 ve.-

791 1840 873 1862 reor
907 1840 1123 1871 magnopere
1163 1835 1200 1860 ut
1229 1837 1324 1860 recte
1357 1828 1432 1859 fieri

791 1877 915 1917 possit.
977 1876 1067 1907 Nam
1109 1873 1193 1907 (lisze
1230 1886 1301 1907 non
1339 1875 1433 1906 idem

790 1928 843 1954 est
868 1923 963 1964 quod
978 1922 1032 1953 ἵνα
1051 1923 1104 1953 vel
1123 1918 1303 1959 &mamsed
1329 1932 1432 1953 even-

791 1974 863 2000 tum
888 1969 941 1999 vel
969 1967 1258 2009 consequentiam
1283 1968 1433 2007 indicam

791 2015 828 2046 id
863 2015 959 2056 quod
991 2015 1034 2046 ab
1067 2015 1134 2046 hoc
1167 2016 1246 2047 loco
1279 2016 1433 2047 alienum

793 2066 856 2093 est.
906 2060 1067 2092 Ceterum
1095 2061 1137 2092 de
1164 2062 1234 2093 vita
1267 2072 1345 2093 cum
1371 2071 1434 2093 nv.-

792 2108 973 2148 vigatione
998 2113 1202 2149 comparata
1217 2121 1248 2143 v.
1265 2110 1311 2142 ad
1326 2107 1435 2142 Phae-

794 2154 875 2185 don.
902 2164 936 2208 Ρ.
963 2152 1018 2187 85.
1038 2153 1084 2185 D.
1111 2155 1170 2186 ubi
1198 2160 1252 2188 est
1276 2154 1434 2188 διαπλεῦ-

794 2210 849 2231 σαι
877 2197 939 2230 τὸν
961 2199 1054 2240 βίον.

839 2245 881 2278 Β.
910 2246 1035 2277 τοῦτο
1062 2244 1103 2277 δὲ
1132 2244 1207 2279 οὐκ
1231 2247 1278 2280 et?
1290 2247 1435 2290 τυχέσ.]

794 2292 839 2323 Η.
872 2303 902 2323 e.
941 2288 1076 2333 ἀτυχές,
1111 2304 1438 2328 aerumnosum

794 2338 1118 2378 calamitosum3
1167 2351 1196 2371 v.
1242 2341 1437 2382 XXV-ytteu

795 2385 914 2416 bach.
947 2386 990 2416 ad
1028 2384 1207 2419 Plutarch.
1241 2387 1368 2418 Moral.
1403 2397 1440 2428 p.

793 2430 850 2465 97.
877 2432 923 2461 A.
950 2430 1145 2464 Comment.
1178 2445 1211 2475 p.
1241 2432 1438 2467 6602529.

798 2477 852 2508 ed.
900 2476 997 2518 Lips.
1067 2478 1255 2511 Simillima
1301 2480 1440 2518 μείωσις

798 2528 869 2558 est,
902 2533 970 2564 qua
1000 2520 1175 2565 ἀνωφελές
1204 2530 1238 2556 et
1270 2523 1440 2567 ἄχρηστον

798 2569 927 2600 dicitur
960 2580 1028 2610 pro
1050 2573 1245 2611 noxium,
1270 2574 1440 2604 dumno-

797 2625 901 2647 sum.
932 2616 974 2647 «le
1004 2627 1072 2658 qua
1107 2617 1276 2659 loquendi
1302 2619 1439 2652 ratione

797 2661 893 2692 conf.
918 2660 1059 2694 Clark.
1091 2659 1134 2696 ad
1163 2665 1306 2696 Homer.
1335 2665 1439 2698 Iliad.

797 2707 836 2738 ΙΙ.
864 2707 943 2740 269.
974 2707 1219 2742 Casaubon.
1248 2711 1291 2743 nd
1322 2711 1443 2754 Polyb.

1122 2768 1176 2808 *20
