1644 2886
494 64 580 138 DE
608 89 888 138 LEGIBUS
916 99 998 135 ete.
1286 89 1416 132 xnv

66 219 115 254 ut
151 209 276 253 initio
316 209 529 252 sermonis
567 218 782 265 protenus
810 206 950 250 omnis
981 203 1238 249 exhibeatur
1268 219 1418 262 perso—

65 282 217 311 narum
247 265 512 324 descriptio,
541 265 752 323 temporis
779 263 985 319 notatio,
1004 263 1201 306 locorum
1229 263 1418 319 pictura,

66 332 111 368 et
152 338 263 381 quae
304 330 409 367 sunt
446 321 493 365 id
522 337 660 381 genus
691 322 800 377 alia,
831 319 973 377 iisque
1005 320 1217 378 expositis
1245 319 1420 363 demum

0 403 1 406 ¹
66 382 119 425 ad
159 381 432 424 dialecticam
471 395 615 423 rerum
646 379 1009 435 disceptationem
1036 383 1298 421 transeatur.
1358 377 1422 420 At

65 454 143 482 nos
183 437 360 494 quidem
398 437 507 480 nihil
543 438 590 480 in
626 437 724 480 istis
751 435 975 490 videmus,
1007 434 1127 491 quod
1157 444 1234 478 aut
1261 449 1342 492 per
1372 449 1422 476 se

66 497 224 540 habeat
265 495 667 553 reprehensionem,
708 500 783 536 aut
811 508 837 535 a
866 493 1064 535 Platonis
1093 507 1214 535 more
1243 502 1288 535 et
1315 507 1421 535 con-

65 553 298 597 suetudine
349 551 595 596 abhorreat.
673 550 788 594 Nam
837 549 957 605 quod
1005 550 1156 592 statim
1202 549 1257 592 ab
1295 549 1422 592 initio

65 619 272 666 tanquam
309 609 356 653 in
398 608 566 652 medias
595 623 689 662 res,
721 607 776 650 de
806 607 965 662 quibus
996 606 1310 664 disputandum
1326 614 1421 661 est,

67 668 345 726 perducimur
387 681 440 709 ac
474 672 642 709 tantum
681 680 770 707 non
802 665 1018 721 rapimur,
1059 664 1279 707 simillima
1304 671 1422 707 certe

67 726 178 768 ratio
207 731 278 768 est
305 722 474 767 exordii
510 722 744 776 Menonis,
788 720 982 780 Cratyli,
1026 720 1277 778 Sophistae,
1316 721 1423 763 Phi-

66 781 244 837 lebi,.in
273 781 433 838 quibus
462 779 586 824 libris
616 779 818 822 omnibus
850 779 1060 822 continuo
1103 787 1313 835 tanquam
1343 779 1422 821 im-

65 839 204 897 parati
251 839 450 882 iubemur
498 837 787 895 disputationi
834 837 1071 892 interesse,
1122 835 1176 879 de
1221 836 1422 892 personis

66 897 231 954 dialogi
277 896 458 952 eiusque
504 893 908 952 opportunitatibus
958 893 1066 936 nihil
1115 892 1221 937 dum
1262 892 1420 937 edocti.

70 955 164 997 Nec
202 968 306 997 vero
348 953 393 996 in
434 953 631 1011 Legibus
676 950 878 995 videmus
919 950 1026 1007 quid
1068 965 1120 994 ea
1154 965 1226 994 res
1268 949 1424 994 afferat

65 1011 304 1066 molestiae,
335 1008 691 1067 quandoquidem
719 1016 932 1066 protenus
969 1009 1148 1065 quinam
1184 1008 1426 1065 loquantur

67 1075 111 1119 et
151 1069 225 1112 ubi
265 1068 462 1111 locorum
501 1082 643 1110 sermo
683 1067 958 1121 instituatur,
996 1066 1065 1109 vel
1103 1066 1212 1124 ipsis
1240 1066 1423 1123 loquen-

67 1126 175 1168 tium
213 1125 462 1168 nominibus
502 1124 748 1168 edocemur.
817 1123 952 1178 Quod
990 1129 1137 1166 autem
1177 1124 1424 1168 accuratior

68 1197 350 1241 personarum
391 1183 587 1224 locorum
628 1189 760 1238 atque
799 1188 1043 1237 temporum
1074 1179 1315 1239 descriptio
1344 1198 1423 1239 po·-

68 1247 163 1284 stea
192 1239 362 1282 demum
395 1239 498 1282 data
527 1238 590 1282 rei
620 1238 950 1295 opportunitate
978 1237 1235 1293 exhibetur,
1266 1238 1312 1282 id
1341 1255 1424 1282 nec

67 1312 146 1355 per
181 1312 230 1340 se
261 1297 457 1352 ineptum
485 1309 584 1339 esse
613 1303 760 1353 patet,
798 1310 882 1339 nec
918 1294 1115 1339 Platonis
1145 1296 1303 1339 rationi
1334 1297 1424 1340 ullo

69 1354 199 1398 modo
237 1353 531 1397 adversarium
562 1363 638 1395 aut
675 1353 953 1397 contrarium.
1022 1354 1136 1396 Nam
1168 1354 1246 1409 qui
1277 1354 1422 1398 Phile-

68 1411 200 1466 bum,
260 1409 516 1469 Cratylum,
561 1410 951 1468 Euthyphronem,
997 1410 1262 1464 Menonem,
1314 1413 1422 1455 alios

68 1469 228 1522 libros,
269 1475 434 1511 attente
470 1469 682 1526 legerint,
727 1468 757 1509 ii
787 1468 832 1510 in
861 1467 930 1511 his
959 1483 1135 1524 quoqne
1165 1468 1289 1513 libris
1319 1469 1423 1513 con-

69 1526 227 1569 cedent
267 1541 322 1568 ex
369 1525 502 1569 variis
553 1526 662 1569 locis
710 1525 847 1568 veluti
895 1525 1144 1582 colligenda
1193 1541 1288 1570 esse
1335 1527 1423 1570 sin-

70 1582 196 1640 gula,
255 1597 367 1639 quae
415 1582 471 1625 ad
516 1598 684 1626 morum
739 1581 1087 1641 designationem
1134 1591 1269 1640 atque
1313 1584 1422 1628 alias

70 1640 232 1683 scenici
268 1647 448 1684 ornatus
488 1647 634 1698 partes
673 1640 933 1683 referuntur.
1004 1640 1094 1684 Sed
1135 1648 1309 1697 praeter
1349 1657 1423 1685 ex-

70 1697 237 1741 ordium
283 1698 493 1741 sermonis
544 1705 649 1740 sunt
695 1697 825 1740 etiam
875 1698 961 1740 alia
1015 1699 1256 1755 quaedam,
1311 1712 1424 1756 quae

70 1755 308 1812 generatim
346 1762 449 1799 sunt
486 1756 748 1812 vituperata,
780 1771 914 1811 quum
952 1762 1097 1798 tamen
1139 1763 1288 1800 nostra
1325 1772 1423 1800 sen-

70 1813 207 1855 tentia
254 1819 447 1869 paratam
493 1812 686 1856 habeant
739 1812 910 1856 facilem
969 1813 1040 1856 vel
1099 1814 1424 1859 excusationem

71 1869 140 1911 vel
186 1869 496 1912 defensionem.
567 1870 683 1913 Nam¹
722 1869 944 1927 dialogum
981 1869 1185 1913 dictitant
1230 1873 1426 1930 graviter

71 1924 270 1968 laborare
310 1926 496 1969 molesta
536 1925 794 1970 difficultate
823 1934 955 1982 atque
985 1927 1210 1980 tarditate3
1239 1929 1425 1972 subinde

70 1997 274 2039 asperum
303 1996 401 2026 esse
431 1983 478 2026 'et
506 1983 718 2034 hiulcum3
751 1998 837 2026 non
858 1999 956 2027 raro
975 1984 1113 2040 premi
1132 1985 1423 2039 obscuritate3

70 2044 116 2083 et
152 2054 265 2096 quae
304 2046 409 2083 sunt
445 2038 492 2082 id
534 2054 671 2098 genus
701 2039 798 2082 alia.
865 2040 1085 2084 Nimirum
1111 2043 1298 2099 primum
1328 2043 1425 2101 qui·

72 2095 170 2140 dem
208 2095 263 2140 de
302 2097 466 2141 talibus
508 2097 638 2141 rebus
676 2098 853 2140 omnino
883 2097 1064 2141 difficile
1093 2106 1163 2142 est
1195 2100 1422 2154 iudicium,

72 2154 275 2210 quoniam
314 2169 392 2198 eae
434 2169 634 2211 magnam
671 2162 839 2212 partem
878 2155 973 2199 solo
1011 2155 1252 2214 elegantiae
1291 2173 1424 2203 sensu

72 2210 364 2254 continentur.
422 2211 596 2256 Deinde
633 2211 896 2270 magnopere
923 2227 1146 2269 veremur,
1186 2230 1243 2258 ne
1271 2216 1424 2272 multa,

74 2282 184 2324 quae
214 2268 300 2312 huc
328 2268 465 2312 relata
497 2275 622 2323 sunt,
655 2276 883 2327 propterea
912 2270 1002 2314 sint
1030 2270 1074 2313 in
1107 2271 1423 2317 dubitationem

73 2323 287 2379 adducta,
327 2325 446 2383 quod
483 2327 658 2370 omnino
686 2327 878 2371 universi
906 2327 1068 2386 dialogi
1094 2330 1208 2373 ratio
1238 2346 1327 2374 non
1350 2347 1424 2375 us-

75 2396 331 2439 quequaque
374 2384 672 2442 pervestigata
708 2390 840 2440 atque
876 2385 1103 2442 explorata
1132 2388 1228 2431 fuit.
1289 2387 1424 2443 Quod

33 2465 37 2467 -
77 2454 164 2494 quo
193 2440 286 2483 iure
325 2441 385 2483 ita
413 2448 670 2495 statuamus,
700 2448 800 2499 post
829 2454 898 2498 ea,
927 2458 1040 2499 quae
1069 2443 1124 2487 de
1151 2444 1235 2488 hac
1262 2460 1310 2488 re
1339 2446 1424 2488 iam

76 2510 208 2552 supra
245 2504 347 2540 sunt
375 2499 599 2555 exposita,
639 2514 727 2541 non
758 2514 869 2556 opus
898 2514 995 2544 esse
1023 2507 1229 2556 putamus
1260 2508 1311 2545 ut
1338 2502 1423 2547 hoc

76 2552 175 2596 loco
217 2554 423 2610 peculiari
464 2571 597 2612 opera
635 2556 932 2613 disputemus,
981 2559 1239 2616 praesertim
1289 2574 1421 2616 quum

78 2610 206 2653 etiam
244 2626 344 2654 mox
383 2627 452 2657 res
482 2614 626 2657 denuo
656 2613 910 2671 attingenda
936 2615 1007 2659 sit.
1068 2616 1180 2659 Tum
1211 2616 1284 2660 hic
1314 2632 1423 2674 quo·

80 2681 162 2722 que
191 2666 356 2712 iuvabit
382 2670 643 2725 meminisse,
677 2670 789 2714 vitia,
801 2671 1030 2726 eiusmodi,
1062 2672 1236 2729 siquae
1253 2679 1421 2730 extant,
