1644 2886
1619 0 1644 103 ἲ

262 94 488 137 LXXXII
694 94 808 134 PRO
818 94 852 133 1.
862 92 1175 134 EGOMENA
1637 110 1644 163 ³

263 219 345 259 que
386 206 428 245 in
467 205 547 245 alio
590 205 697 244 libro
735 203 794 242 ita
826 203 983 242 factum
1023 216 1142 253 esse,
1185 203 1226 243 in
1269 201 1597 243 Commemtariis

264 260 317 302 ad
360 276 455 301 eum
498 261 639 300 locum
689 257 1088 299 demonstravimus.
1168 258 1262 299 Nec
1312 272 1413 298 vero
1463 255 1644 311 magis

263 330 476 357 moramur
512 315 618 366 alia,
651 327 758 367 quae
789 313 880 354 visa
909 319 1009 354 sunt
1040 313 1245 354 molestae
1261 311 1599 422 pperissologiae

262 372 366 412 vitio
405 371 620 414 laborare:
663 369 781 409 Libr.
823 368 858 410 I.
890 384 930 423 p.
965 370 1059 410 647.
1090 367 1138 410 C.
1170 369 1230 410 ΙΙ.
1294 370 1430 411 ,(357.
1462 367 1513 408 Β.
1546 367 1598 409 V.
1640 375 1641 378 ’

264 443 304 480 p.
352 427 443 466 734.
487 423 535 466 C.
578 425 670 465 738.
712 424 766 465 D
814 426 909 466 746.
941 423 991 464 Ε.
1026 424 1105 465 Vl.
1138 440 1178 480 p.
1211 426 1306 466 764.
1338 423 1387 465 C.
1425 424 1515 464 776.
1546 422 1601 466 D.

266 481 346 522 ΧΙ.
386 496 426 534 p.
468 481 564 520 ‘3⁸29-
604 482 658 521 A
701 486 744 520 et
783 481 878 521 020.
922 480 972 521 Β.
1013 479 1066 520 de
1105 480 1260 534 quibus
1300 480 1434 522 satius
1463 479 1602 520 visum

265 542 329 578 est
369 535 412 576 in
456 534 786 577 Commentariis
825 550 1009 577 monere.
1069 535 1220 577 Restat
1261 542 1307 577 ut
1339 535 1391 576 de
1421 549 1506 576 uno
1539 533 1602 574 di-

265 590 447 632 cendum
487 591 567 632 sit.
615 590 730 644 quod
771 590 1031 632 Zellerus
1071 607 1111 646 p.
1152 593 1218 632 08.
1258 590 1471 632 immerito
1509 595 1602 630 tan-

266 661 394 701 quam
433 646 665 688 violentum
710 652 752 687 et
792 653 1035 688 contortum
1083 653 1228 697 notat3
1279 645 1602 688 collocationem

265 701 501 758 particulae
541 702 599 751 ὡς
637 701 840 770 dicimus,
873 702 1009 756 qualis
1041 709 1106 744 est
1136 703 1256 744 Libr.
1286 702 1320 743 I.
1355 718 1395 757 p.
1428 703 1520 743 645.
1552 700 1602 741 Β.

265 761 362 826 περὶ
397 756 651 812 θαυμάτων
692 757 750 808 ὠς
794 757 934 800 ὄντων
963 757 1101 810 ἡμῶν,
1132 759 1160 800 i.
1195 772 1231 799 e.
1265 761 1362 827 περὶ
1394 756 1515 811 ἡμῶν
1548 755 1637 804 ὠς-

267 811 407 855 ὄντων
447 813 716 866 θαυμάτων;
760 813 845 854 III.
877 829 916 869 p.
949 815 1041 855 700
1071 814 1121 855 Β.
1153 812 1271 866 ῴόην
1304 815 1362 860 ὥς
1390 829 1488 854 rna
1518 815 1603 852 ἑτέ-

267 884 363 920 ραν.
397 869 478 911 VI.
509 884 550 923 p.
584 870 678 910 762.
710 868 760 909 C.
794 871 885 911 763.
927 869 975 910 C.
1008 869 1114 910 VlI.
1177 871 1311 911 708.
1343 868 1392 910 C.
1424 870 1518 909 802.
1552 867 1603 909 Ε.

269 924 320 966 al.
396 924 628 966 Enimvero
671 930 837 966 tantum
880 925 1024 977 abest,
1066 932 1115 966 ut
1154 940 1204 966 ea
1245 924 1470 966 collocatio
1499 923 1606 964 mira

268 981 326 1021 sit
362 984 437 1021 aut
469 980 697 1034 inusitata,
742 987 790 1021 ut
820 995 955 1036 prope
987 987 1189 1023 constans
1217 986 1261 1022 et
1290 980 1504 1090 legitpima8
1511 993 1606 1020 esse

269 1035 478 1077 videatur.
552 1037 616 1077 De
657 1050 740 1088 qua
781 1050 825 1076 re
867 1035 1050 1077 diximus
1089 1035 1142 1077 ad
1181 1035 1346 1078 Phileb.
1507 1034 1603 1076 D.

269 1098 313 1132 et
346 1091 514 1133 Politic
554 1107 595 1146 p.
629 1092 722 1133 260.
762 1090 811 1133 (
843 1090 901 1132 So
907 1091 1035 1145 phist.
1066 1108 1106 1146 p.
1139 1093 1233 1133 242.
1265 1091 1315 1133 C.
1340 1052 1418 1132 ubi
1450 1104 1604 1131 consu-

266 1146 420 1188 lendus
452 1153 519 1187 est
549 1147 675 1187 etiam
699 1146 1087 1189 Heindorfius.
1148 1147 1229 1188 His
1258 1147 1390 1201 igitur
1420 1146 1606 1188 breviter

268 1203 500 1266 disputatis
538 1203 663 1243 facile
705 1202 858 1257 opinor
884 1202 1169 1266 intelligetur..
1214 1203 1347 1244 multa
1384 1217 1408 1243 a
1447 1201 1606 1243 criticis

267 1258 386 1299 nullo
430 1258 520 1299 iure
561 1259 604 1299 in
645 1257 832 1299 dictione
871 1273 923 1299 ex
954 1259 1195 1300 coniunctis
1226 1258 1446 1300 vocabulis
1478 1258 1604 1299 casti-

267 1320 368 1369 gata
409 1329 502 1356 esse
544 1319 587 1355 et
627 1315 892 1377 vituperata,
936 1329 1044 1368 quae
1086 1329 1172 1355 non
1212 1313 1339 1356 modo
1379 1329 1463 1354 non
1494 1328 1604 1364 raro,

268 1369 345 1411 sed
389 1370 516 1410 etiam
558 1384 764 1423 perquam
805 1369 906 1410 trita
946 1376 1075 1423 itque
1114 1372 1250 1424 prope
1289 1369 1482 1425 legitima
1515 1384 1557 1410 es
1562 1383 1606 1411 se

269 1425 455 1466 iudicari
487 1424 684 1466 debeant.

390 1481 480 1522 Iam
520 1495 621 1522 vero
665 1481 729 1522 his
767 1481 827 1521 ita
866 1481 1093 1523 transactis
1122 1480 1423 1536 piogredimur
1452 1479 1506 1521 ad
1536 1494 1607 1522 co-

271 1536 565 1601 gnoscendum
603 1550 728 1577 usum
771 1533 1078 1578 vocabulorum
1110 1538 1435 1578 coniunctorum
1466 1536 1602 1577 rheto-

269 1593 430 1645 ricum,
472 1608 544 1647 qui
574 1597 790 1646 tamquam
821 1592 1010 1634 insolens
1041 1593 1084 1634 in
1114 1592 1307 1647 Legibus
1338 1592 1405 1633 vel
1436 1597 1607 1633 notatus

270 1648 337 1690 vel
372 1648 661 1712 reprehensus
703 1654 779 1689 est.
854 1647 1068 1712 Quorsum
1102 1649 1317 1711 pertinent
1348 1647 1607 1702 pexsphrwsis

269 1704 486 1745 nominum
525 1704 870 1758 amplificationis
909 1703 1118 1744 oratoiiae
1159 1703 1296 1758 gratia
1336 1705 1451 1744 facta
1480 1709 1608 1756 atque

269 1760 435 1815 tropica
497 1758 731 1800 dictionum
791 1759 1068 1814 quarumdam
1138 1759 1359 1814 usurpatio
1435 1765 1607 1800 ornatus

278 1828 432 1857 caussa
462 1814 639 1856 adscita

385 1871 536 1924 Itaque
568 1871 748 1934 primum
770 1870 990 1911 videamus
1023 1869 1074 1909 de
1107 1870 1323 1910 nominum
1356 1868 1606 1924 peiiphrasi.

272 1927 338 1967 Ea
379 1941 480 1968 vero
520 1927 657 1982 primo
703 1925 876 1979 quidem
917 1924 1124 1980 adspectu
1157 1925 1305 1978 utique
1336 1924 1508 1966 videtur
1537 1938 1607 1965 su-

273 1981 404 2023 binde
435 1981 591 2023 habere
622 1981 810 2035 aliquid⁷
843 1980 960 2034 quod
990 1980 1097 2022 male
1129 1980 1184 2020 sit
1215 1980 1485 2033 affectatum,
1519 1985 1608 2020 stu—

271 2038 390 2079 diose
430 2038 696 2101 quaesitum,
738 2037 924 2090 denique
955 2051 979 2078 a
1023 2036 1205 2091 simplici
1251 2043 1295 2076 et
1329 2036 1475 2076 nativa
1523 2036 1607 2076 ele-

272 2093 419 2148 gantia
467 2093 674 2135 sermonis
728 2092 945 2133 Platonici
994 2092 1189 2133 alienum
1283 2090 1428 2132 Veluti
1478 2106 1644 2145 quum}

271 2148 484 2204 Aegyptii
525 2149 642 2190 Libr
681 2148 789 2189 XII.
838 2164 878 2202 p.
919 2150 1014 2189 953.
1053 2147 1103 2189 E.
1155 2150 1393 2199 θρέμματα
1450 2149 1643 2189 [Νείλου.

276 2210 504 2257 vocantur,
545 2211 589 2245 et
631 2209 785 2258 poetae
825 2202 1172 2256 Libr.V11.p
1218 2203 1310 2243 817.
1345 2202 1395 2242 Ι).-
1420 2192 1644 2258 audiunt}

274 2261 424 2307 παῖδες
460 2260 666 2310 μαλακῶν
708 2260 903 2300 Monam
943 2261 1123 2312 εκγονοι.
1183 2259 1250 2298 Ac
1281 2257 1496 2312 pertinent
1523 2256 1608 2298 huc
1635 2262 1641 2301 5}

274 2315 400 2356 etiam
439 2315 562 2355 talia:
622 2314 741 2355 Libr.
781 2315 889 2356 XII
935 2330 975 2368 p.
1016 2315 1109 2355 702).
1156 2312 1212 2353 D.
1250 2315 1419 2354 παίδων
1468 2315 1606 2376 &pispe-
1634 2309 1644 2358 (Γ

272 2386 411 2438 ματα;
441 2371 559 2412 Libr.
584 2369 666 2411 IX.
770 2371 863 2412 874.
887 2370 939 2411 Ι).
971 2369 1265 2434 §vyyevvtytwp
1296 2371 1473 2421 τέκνω),
1506 2368 1532 2409 i.
1566 2383 1605 2422 q.

273 2422 453 2481 ἅλοχοςε
505 2425 767 2467 Lib1.VlI.
809 2441 849 2479 p.
893 2426 984 2466 795.
1031 2424 1080 2465 E.
1157 2422 1344 2475 Μούσης
1379 2423 1491 2475 λέξις
1529 2438 1606 2478 pro
1631 2436 1644 2485 *ff

274 2485 466 2534 noim-ug:
501 2481 617 2523 Libr
647 2481 749 2523 VII.
782 2496 821 2535 p.
854 2482 946 2520 706
982 2479 1031 2522 Ε.
1073 2481 1266 2520 ,Μουσῶν
1297 2482 1367 2521 καὶ
1396 2476 1606 2520 Ἀπόλλωκ
1629 2499 1644 2530 1.

274 2554 351 2586 νος
380 2539 519 2593 ὃῶραε
565 2535 684 2578 Libr
727 2536 805 2577 VI.
836 2551 876 2591 p.
911 2537 1002 2577 782.
1035 2535 1084 2577 Β.
1115 2536 1233 2600 δῶρα
1276 2532 1522 2630 Δημητρός
1533 2537 1644 2587 natat}

279 2591 450 2647 Κόρηςτ
490 2592 607 2634 Libr.
650 2591 707 2634 ΙΙ.
748 2607 787 2645 p.
819 2592 911 2632 672.
945 2593 996 2631 Α.
1037 2588 1251 2632 Διονύσου
1283 2588 1443 2645 δωρεάς
1484 2589 1602 2631 Libr.
1628 2599 1644 2649 y

1632 2658 1639 2766 3
