1644 2886
242 64 322 107 DE
353 63 630 107 LEGIBUS
661 63 779 105 LlB.
814 62 893 104 V1.
927 62 973 104 P.
1008 63 1102 104 767.
1136 61 1199 104 St.

1343 61 1419 103 169

73 182 282 235 δικαστὴν
329 182 440 226 εἶναι’
485 198 638 233 τινων,
686 181 895 234 δικαστὴς
940 183 985 224 δὲ
1030 181 1111 225 οὐκ
1159 179 1418 239 ἅρχων-καί

18 297 20 299 ,
71 268 169 294 τινα
213 249 379 304 τρόπον
424 249 572 306 ἄρχων
618 248 670 293 οὐ
720 248 840 292 πάνυ
882 251 1059 308 φαῦλος
1103 251 1299 304 γίγνεται
1333 246 1416 300 τὴν

71 317 179 362 τόθ’
231 312 573 380 ἡμέραν,’ᾗπερ
618 315 677 360 ἂν
724 321 882 372 κρίνων
927 314 1009 369 τὴν
1047 319 1170 369 δίκην
1206 315 1417 376 ἀποτελῇ.

70 390 228 437 θέντες
265 388 318 439 δὴ
355 389 429 428 καὶ
474 383 578 435 τοὺς
621 382 924 435 δικαστὰςώς
958 383 1181 441 ἄρχοντας
1216 387 1416 440 λέγωμεν,

73 459 183 504 τίνες
217 452 276 497 ἂν
312 452 395 496 εἷεν
432 459 670 510 πρέποντες
702 455 775 495 καὶ
812 455 943 494 τίνων
979 450 1070 508 ἄρα
1107 453 1310 495 δικασταὶ
1344 455 1417 496 καὶ

70 521 198 565 πόσοι
238 521 307 575 ἐφ’
351 525 551 563 ἕκαστον.
601 520 874 578 κυριώτατον
910 522 990 574 μὲν
1027 523 1180 563 τοίνυν
1214 523 1317 562 ἔστω
1357 523 1419 562 δι-

69 588 328 643 καστήριον,
374 586 481 644 ὅπερ
518 587 576 631 ἂν
611 587 741 630 αὐτοὶ
780 591 954 637 ἑαυτοῖς
989 587 1284 646 ἀποφήνωσιν
1321 593 1418 631 ἕκα-

69 672 178 707 στοι,
216 658 338 716 κοινῇ
378 655 500 706 τινάς
536 655 763 710 ἑλόμενοι·
800 654 880 698 δύο
919 653 972 707 δὴ
1008 657 1096 698 τῶν
1123 657 1290 698 λοιπῶν
1316 660 1418 700 ἔστω

70 870 127 912 Ab
156 879 209 911 his
247 888 328 912 vero
357 879 459 921 piane
490 878 642 911 seiunxit
667 888 709 911 ac

70 925 240 966 separavit
266 935 409 958 caussas
434 925 598 967 publicas,
625 935 710 967 quas

70 973 126 1003 nni
167 982 305 1014 semper
349 971 532 1013 eidemque
568 970 709 1012 indicio,

71 1028 114 1051 ex
138 1019 266 1061 popuio
283 1022 318 1051 et
341 1017 601 1060 magistratibus
615 1027 709 1050 com·

71 1065 204 1106 posito,
235 1064 405 1097 committi
438 1065 559 1096 voiuit.
617 1064 709 1108 Con-

71 1111 191 1143 tulisse
217 1121 292 1143 cum
320 1110 372 1142 his
394 1110 525 1142 iuvabit
549 1120 640 1152 quae
665 1110 709 1143 de

70 1156 204 1189 iudiciis
217 1156 479 1190 Atheniensium
499 1156 620 1198 insigni
633 1166 712 1198 per-

73 1203 278 1245 spicuitate,
329 1207 365 1235 nt
402 1204 511 1242 solet,
551 1202 712 1244 exposuit

74 1249 99 1281 S
116 1259 135 1281 c
151 1248 169 1281 h
186 1260 207 1281 o
221 1259 239 1281 e
256 1260 286 1282 m
304 1260 321 1281 a
341 1259 359 1281 n
376 1259 394 1280 n
409 1260 432 1280 u
449 1260 464 1280 s
489 1249 710 1290 Antiquitatt.

75 1295 159 1327 iuris
188 1295 284 1328 Pubi.
306 1295 474 1328 Graecor.
500 1306 533 1338 p.
550 1295 619 1330 262
633 1306 708 1337 sqq.

122 1363 163 1395 P.
191 1364 266 1399 767.
322 1362 430 1407 πρὸς
461 1361 561 1396 ἄλλο
594 1362 709 1396 δικα-

74 1407 254 1452 στήριον
279 1411 379 1454 ἴτον]
407 1411 520 1444 Quale
544 1410 708 1443 iudicium

74 1455 126 1488 hic
151 1457 378 1499 significetur,
409 1458 628 1500 perspicuum
658 1461 711 1490 est

75 1511 117 1534 ex
144 1513 176 1543 p.
208 1504 284 1538 ¹768.
312 1503 357 1535 C:
392 1507 463 1536 τοῖς
495 1501 539 1546 μὴ
565 1502 708 1544 δυναμέ-

76 1557 150 1580 νοις
180 1547 262 1591 μήτε
294 1549 331 1582 ἐν
368 1554 439 1582 zois
475 1552 602 1593 γείτοσι
630 1548 711 1592 μήτε

74 1593 111 1627 ἐν
156 1600 246 1627 τοῖς
292 1597 543 1636 φυλετικοῖς
591 1595 710 1628 δικα-

75 1651 94 1672 σ
105 1652 148 1683 ιη
160 1644 228 1683 plo
239 1651 274 1674 ις
294 1638 575 1676 ἀπαλλάττεσθαι.
604 1643 708 1677 Cete—

73 1698 146 1720 rum
167 1699 330 1722 numerus
343 1691 527 1731 singularis
554 1689 708 1731 λαμβάνῃ

73 1739 106 1766 et
149 1735 207 1767 ἴιω
236 1740 315 1778 post
350 1734 433 1768 τοὺς
464 1736 710 1770 ἐπικαλοῦντας

73 1790 138 1813 non
167 1788 305 1824 praeter
336 1793 432 1816 usum
466 1789 520 1817 est
555 1785 709 1825 positus3

73 1826 116 1859 de
147 1837 217 1868 qno
250 1838 280 1860 v,
311 1828 354 1860 ad
388 1828 532 1872 Protag.
562 1840 596 1871 p.
627 1830 707 1864 319.

76 1873 102 1904 D
146 1872 213 1908 324
262 1875 306 1905 Α.
337 1874 416 1909 334.
450 1877 489 1907 C.
533 1875 707 1907 Phaedon.

75 1930 105 1960 p.
132 1920 187 1954 62.
216 1920 254 1952 D.
292 1920 392 1962 Reip.
419 1923 475 1955 vl.
501 1932 533 1963 p.
559 1921 639 1956 463.
668 1922 707 1953 Ι).

78 1966 166 1999 vili.
193 1977 225 2008 p.
243 1966 322 2001 558.
338 1969 383 1999 A.
399 1968 507 2009 Gorg.
523 1979 556 2010 p.
573 1967 652 2002 478.
669 1969 707 2000 C.

119 2033 260 2067 πάντα
298 2035 372 2076 μὲν
410 2033 486 2079 γὰρ
524 2034 711 2078 ἄρχοντα

75 2082 134 2124 —-]
160 2092 327 2116 omnem
355 2084 462 2116 enim
486 2085 709 2124 magistra-

74 2133 159 2160 tum
188 2138 372 2162 necesse
406 2134 472 2161 est
499 2132 625 2162 etiam
654 2131 709 2162 iu-

76 2174 214 2206 dim-m
263 2185 364 2209 asse
410 2186 552 2208 rerum
604 2186 707 2218 qua-

76 2221 278 2262 rundam,
327 2233 374 2255 nc
411 2222 611 2254 vicissim
652 2223 708 2255 iu-

75 2266 172 2305 dex,
209 2278 326 2309 quum
369 2279 448 2302 non
488 2269 544 2301 sit
575 2270 702 2311 tnagi-

76 2318 264 2355 strntus,
290 2316 416 2348 etiam
442 2315 708 2356 quodammo-

77 2359 128 2391 do
154 2362 439 2403 magistratus
465 2361 581 2394 hand
609 2373 709 2395 sane

77 2408 355 2445 spernendus
416 2409 570 2441 existit
627 2409 707 2441 iilo

79 2449 165 2488 die,
195 2462 274 2492 quo
309 2455 474 2488 indicis
513 2455 708 2497 fungens

78 2505 249 2531 munere
309 2500 427 2535 iitem
494 2502 706 2535 absoluit.

77 2542 170 2576 Mane
194 2543 226 2575 in
242 2544 297 2576 his
319 2549 420 2590 vuigo
445 2553 526 2591 post
551 2546 712 2591 δικαστὴς

81 2586 117 2618 δὲ
141 2584 206 2621 otiu
229 2587 341 2632 ἄρχων
364 2599 534 2628 commate
555 2595 710 2628 incidunt

81 2637 288 2677 orationem3
328 2649 393 2680 qna
435 2641 709 2684 interpunctione

80 2682 113 2713 in
160 2683 310 2718 fraudem
360 2686 519 2734 inductus
557 2689 710 2722 Astins

778 880 850 919 καί,
875 877 969 921 quod
997 877 1240 921 consequitur,
1265 880 1418 922 explicat

778 930 1005 965 ettamen,
1032 935 1289 967 quanquam.
1341 925 1415 959 Ma-

777 973 983 1014 gistratuum
1011 982 1136 1006 nomen
1164 972 1290 1006 latiore
1315 983 1419 1006 sensu

778 1019 929 1060 positum
986 1019 1090 1051 etiam
1146 1018 1276 1051 iudicia
1327 1020 1418 1063 apud

778 1065 936 1098 Graecos
956 1063 1275 1107 comprehendisse,
1300 1065 1420 1100 docuit

780 1110 1008 1145 Hermann.
1042 1111 1203 1146 Quaestt.
1259 1112 1310 1145 De
1344 1113 1418 1147 iure

779 1161 814 1190 et
855 1159 1062 1191 auctoritate
1111 1159 1320 1200 magistratt.
1359 1170 1417 1203 ap.

781 1203 909 1237 Athen.
936 1215 966 1237 c.
992 1204 1040 1236 ΙΙ.
1067 1215 1098 1247 p.
1127 1205 1172 1240 32
1197 1215 1272 1246 sqq.
1308 1210 1343 1239 et
1369 1207 1420 1240 De

780 1251 937 1293 Vestigg.
965 1262 999 1293 p.
1024 1251 1080 1286 33.
1106 1262 1186 1284 ann.
1213 1251 1292 1286 122.
1322 1253 1419 1286 Anti-

777 1298 877 1339 quitt.
910 1298 1036 1329 Graec.
1075 1297 1106 1338 ἓ.
1127 1297 1183 1332 53.
1217 1298 1308 1331 conf.
1342 1298 1419 1333 Xe-

777 1344 904 1386 noph.
932 1344 988 1376 De
1013 1344 1101 1386 Rep.
1132 1343 1307 1379 Ath.1.3.
1332 1347 1420 1379 Ari-

779 1395 885 1423 stot.
925 1390 1030 1423 Pont.
1073 1390 1128 1424 ΙΙΙ.
1162 1391 1203 1432 1,
1240 1392 1273 1426 5.
1308 1395 1349 1424 ‘et
1382 1393 1418 1434 6,

778 1437 834 1471 12.
896 1436 988 1469 Hinc
1034 1434 1195 1479 ἄρχοντες
1243 1439 1418 1473 interdum

779 1489 857 1516 sunt
884 1483 1071 1523 iudices3
1098 1485 1141 1517 de
1166 1495 1236 1527 quo
1254 1495 1284 1516 v.
1310 1485 1418 1519 Dor-

779 1530 868 1563 viu.
901 1529 943 1561 ad
978 1529 1153 1563 Chariton.
1189 1543 1220 1574 p.
1258 1531 1336 1566 121.
1373 1543 1418 1565 =

776 1576 856 1611 272.
892 1577 945 1608 cd.
981 1576 1078 1619 Lips.
1132 1577 1188 1610 Ne
1221 1587 1303 1610 vero
1337 1585 1418 1621 post

779 1620 844 1655 οὐκ
877 1620 990 1665 ἅρχων
1028 1623 1199 1658 excidisse
1233 1631 1334 1667 putes
1369 1622 1419 1657 ὢν

777 1670 1014 1713 participium,
1046 1670 1137 1702 istud
1166 1672 1276 1713 ipsum
1304 1669 1418 1714 ἅρχων

775 1727 838 1759 pro
871 1716 1048 1759 participio
1081 1718 1323 1760 accipiendum
1350 1724 1414 1753 est.

776 1763 861 1796 Nam
884 1760 1006 1806 ’ἄρχειν
1031 1768 1085 1796 est
1111 1766 1414 1808 magistratum

777 1819 889 1842 esse.

827 1878 865 1911 B.
915 1878 981 1909 καὶ
1031 1876 1164 1911 πόσοι
1211 1878 1280 1922 ἐφ’
1330 1881 1416 1915 ἕκα-

779 1924 902 1965 στον]
946 1926 1131 1957 Praestare
1170 1928 1321 1969 arbitror
1355 1927 1416 1970 ἐφ’

777 1968 943 2008 ἑκάστου,
966 1971 1060 2011 quod
1086 1975 1201 2005 tamen
1230 1973 1261 2006 in
1287 1974 1417 2009 codici-

779 2018 842 2049 bus
867 2027 932 2049 non
957 2022 1011 2049 est
1034 2023 1224 2059 repertum.

825 2084 907 2118 δύο
933 2084 980 2128 δὴ
1008 2087 1088 2118 τῶν
1113 2089 1278 2121 λοιπῶν
1306 2090 1416 2123 ἔστω

780 2130 1001 2175 κριτήρια]
1047 2133 1137 2167 Iam
1180 2146 1288 2169 vero
1331 2136 1416 2171 dno

777 2181 1044 2221 reliquorum
1107 2188 1238 2215 sunto
1295 2184 1415 2218 iudi-

776 2226 900 2259 candi
926 2230 1130 2269 tanquam
1158 2228 1414 2264 instrumen-

776 2277 837 2313 ta,
870 2273 904 2305 h.
939 2284 968 2305 e.
995 2273 1168 2306 indicia.
1208 2276 1263 2308 De
1288 2276 1413 2310 indici-

776 2319 839 2351 bus
866 2319 950 2351 dixit
975 2321 1077 2353 etiam
1110 2321 1323 2366 Polybius
1349 2324 1412 2357 IX.

775 2365 838 2399 33:
869 2365 989 2397 κοινὸν
1022 2365 1060 2399 ἐκ
1085 2365 1223 2400 πάντων
1252 2370 1319 2401 τῶν
1341 2367 1412 2402 Ἑλ-

776 2410 887 2454 λήνων
913 2412 1062 2445 καθίσαε
1094 2412 1280 2457 κριτήριον.
1316 2417 1412 2450 Dio-

778 2458 865 2491 dor.
898 2459 979 2491 Sic.
1005 2459 1055 2492 I.:
1091 2459 1127 2492 ἐν
1153 2462 1216 2504 ι”σῳ
1242 2464 1413 2506 κριτηρίῳ,

776 2504 890 2547 apud
923 2516 1087 2547 aequos
1126 2507 1312 2549 iudices;
1352 2510 1412 2543 ubi

777 2557 890 2584 tamen
924 2552 1023 2585 codd.
1066 2554 1168 2587 etiam
1210 2551 1413 2601 ἅκροτηρίῳ.

777 2598 848 2630 Pro
880 2595 922 2639 δὴ
948 2599 1105 2632 Astius
1139 2601 1183 2633 dc
1213 2604 1413 2637 coniectura

778 2645 913 2686 scripsit
945 2643 998 2684 δὲ,
1040 2657 1107 2687 quo
1139 2657 1205 2680 non
1238 2659 1327 2692 opus
1355 2650 1410 2684 ‘vi-

777 2692 888 2724 detur.
