1644 2886
271 124 354 164 ‘242
710 117 1164 163 A‘RGUMENTUM

271 233 455 274 dendum
487 230 674 281 censuit,
706 228 780 270 sed
811 235 906 271 tota
935 231 1062 272 armis
1094 239 1243 274 ornata
1275 246 1367 276 sese
1400 233 1454 275 ad
1484 247 1609 288 pera-¹

270 287 455 344 gendam
494 285 762 328 saltationem
803 285 1000 327 accinxit.
1062 286 1194 339 Quod
1222 289 1377 330 imitari
1407 289 1606 331 convenit

269 357 425 399 pueros
455 347 497 383 et
526 339 693 396 puellas
722 339 827 382 deae
856 341 1034 397 gratiam
1065 344 1210 399 magni
1239 345 1445 387 facientes
1476 358 1606 397 quum

273 399 328 440 ob
348 412 473 439 usum
488 396 688 438 bellicum
719 402 809 437 tum
840 397 1047 438 festorum
1078 397 1240 441 dierum
1271 415 1435 445 caussa.
1494 399 1606 440 Nam

272 467 431 508 pueros
474 452 623 506 decet,
665 451 869 507 quamdiu
907 453 1095 495 nondum
1137 455 1182 496 in
1227 456 1385 498 bellum
1420 455 1605 511 {profici-

274 515 468 561 scuntur,
503 508 630 550 armis
669 513 711 549 et
741 509 862 562 equis
893 514 1067 551 ornatos
1102 510 1156 551 ad
1177 510 1352 553 deorum
1377 511 1536 566 templa
1566 515 1607 551 et

274 579 370 606 aras
411 564 623 606 solemnes
661 563 817 605 ducere
856 580 954 620 pom
990 579 1035 607 as
1073 581 1169 607 cum
1207 567 1534 619 saltationibus,
1567 575 1609 607 et

272 621 384 661 inter
414 634 486 662 eas
523 618 605 661 diis
636 618 900 673 deorumque
936 620 1035 662 fiiis
1073 622 1409 678 supplicationes
1450 623 1605 664 facere.

274 676 507 718 Praeterea
545 675 748 718 convenit
787 676 915 716 etiam
961 679 1194 719 certamina
1230 694 1280 720 ac
1330 678 1607 720 certaminum

275 731 570 787 praelusiones
606 730 786 772 institui.
860 731 983 773 Haec
1023 733 1135 774 enim
1168 734 1459 776 omnia-domi
1487 733 1607 775 belli-

276 802 358 842 que
396 787 520 828 utilia
559 791 682 836 sunt3
723 786 806 826 alia
843 801 944 828 vero
984 787 1180 843 ingenuis
1221 796 1335 832 certe
1364 789 1608 832 hominibus

275 842 475 885 videntur
514 856 607 884 esse
658 841 836 897 indigna
879 843 949 897 (p.
982 845 1076 885 795.
1115 844 1171 885 D.
1204 870 1258 876 --
1291 847 1383 887 796.
1425 845 1523 899 D.).
1555 867 1607 874 —-

276 898 334 940 Et
383 898 490 940 haec
539 897 711 952 quidem
762 897 815 938 de
862 900 1142 953 gymnastica.
1223 901 1517 956 Sequitur‘ut
1556 899 1609 940 dc

276 954 440 996 musica
478 967 591 994 nunc
629 952 870 994 adiicienda
901 954 999 1006 sint,
1032 970 1140 1010 quae
1170 957 1214 997 in
1245 956 1537 1012 superioribus
1567 955 1608 1008 *)

278 1008 653 1065 praetermisimus.
723 1008 782 1049 Et
817 1008 887 1050 hic
926 1009 1098 1064 quidem
1138 1017 1237 1054 ante
1275 1013 1417 1054 omnia
1448 1010 1610 1066 aliquid

279 1064 636 1107 commonendum
675 1069 762 1118 est,
814 1065 930 1118 quod
980 1066 1110 1122 vulgo
1156 1072 1314 1109 temere
1361 1067 1608 1124 negligitur.

279 1120 381 1162 Non
421 1120 524 1163 satis
555 1119 666 1161 enim
695 1125 896 1175 reputant
932 1121 1151 1176 plerique,
1202 1129 1406 1178 quantum
1436 1123 1491 1165 ad
1522 1137 1610 1164 mo-

280 1191 348 1218 res
388 1175 607 1218 hominum
647 1180 690 1216 et
727 1176 903 1232 ingenia
938 1178 1118 1230 referat,
1158 1189 1206 1220 ut
1245 1179 1372 1221 etiam
1410 1178 1611 1221 ludorum

280 1246 330 1274 ac
370 1232 688 1273 solemnitatum
733 1231 942 1284 quaedam
973 1239 1168 1275 servetur
1198 1235 1444 1277 constantia
1471 1240 1514 1276 et
1543 1248 1612 1276 ae-

282 1288 529 1342 quabilitas,
598 1287 697 1328 Hoc
736 1288 877 1343 ipsum
907 1303 1008 1330 vero
1038 1295 1085 1330 ut
1115 1289 1349 1344 efficiatur,
1380 1306 1498 1333 more
1526 1291 1612 1332 Ae-

281 1343 528 1399 gyptiorum
572 1342 709 1384 omnis
751 1358 897 1384 eorum
944 1344 1052 1386 ratio
1092 1344 1173 1387 diis
1214 1346 1505 1388 consecranda
1545 1360 1614 1387 so-

281 1399 496 1454 lemnique
536 1398 620 1439 ritu
658 1397 888 1440 sancienda
919 1405 1006 1452 est,
1036 1399 1081 1441 id
1112 1400 1227 1454 quod
1257 1402 1465 1456 imprimis
1495 1402 1539 1442 in
1567 1415 1613 1442 re

281 1454 445 1497 musica
480 1455 540 1495 ita
577 1453 819 1495 faciendum
858 1455 917 1508 (p.
949 1456 1041 1496 796.
1074 1456 1127 1497 E.
1161 1481 1212 1487 ———
1246 1458 1339 1498 798.
1369 1458 1458 1512 Ε).
1527 1457 1613 1497 Ita-

283 1524 367 1564 que
399 1524 547 1552 omnes
580 1509 832 1551 saltationes
863 1515 991 1564 atque
1025 1517 1175 1553 cantus
1199 1512 1481 1568 religionibus
1512 1526 1614 1554 con—

282 1566 437 1607 secrari
480 1564 651 1607 debent.
719 1564 1048 1607 Constituantur
1087 1582 1188 1623 ergo
1219 1569 1401 1622 primum
1435 1568 1526 1610 dies
1553 1568 1615 1609 fe-

283 1621 354 1674 sti,
387 1635 438 1662 ac
469 1619 720 1672 definiatur,
763 1620 937 1674 quinam
969 1627 1012 1662 et
1042 1629 1149 1675 quot
1178 1638 1355 1665 numero
1387 1623 1474 1665 sint
1503 1624 1614 1666 cele-

283 1675 458 1730 brandi,
501 1674 655 1718 deinde
696 1690 781 1730 quo
819 1683 1010 1731 tempore
1048 1678 1254 1730 obeundi,
1303 1679 1489 1732 denique
1541 1679 1615 1733 qui

284 1738 437 1774 cantus
474 1731 520 1772 in
559 1746 730 1785 quoque
771 1731 947 1773 deorum
978 1733 1188 1774 sacrificio
1219 1734 1427 1776 fundendi
1457 1734 1544 1778 siut
1573 1741 1616 1776 et

285 1787 440 1842 quibus
479 1786 778 1829 saltationibus
817 1788 1153 1843 unumquodque
1174 1790 1441 1832 ⁴sacrificium
1473 1791 1617 1831 ornari

285 1844 351 1885 fas
384 1842 454 1884 sit.
514 1841 684 1895 Quibus
715 1842 975 1896 constitutis,
1009 1845 1127 1886 cives
1158 1860 1304 1887 omnes
1336 1846 1617 1887 communiter

285 1898 433 1940 Parcis
462 1897 725 1953 reliquisque
757 1897 836 1939 diis
868 1900 1063 1942 omnibus
1094 1900 1388 1943 sacrificantes
1409 1907 1449 1942 et
1479 1902 1616 1943 liban-

284 1959 349 1996 tes
380 1958 630 1996 consecrare
660 1959 831 2008 oportet
862 1960 1002 1996 certos
1034 1955 1241 2009 quosdam
1273 1963 1449 2006 cantus3
1480 1957 1541 1997 ita
1570 1963 1618 1998 ut

286 2010 461 2066 impium
512 2009 747 2062 habeatur,
789 2009 824 2051 si
855 2010 951 2064 quis
982 2011 1034 2053 ab
1069 2011 1135 2054 his
1164 2011 1325 2054 rituum
1353 2012 1520 2067 legibus
1551 2027 1617 2053 ar-

285 2065 457 2107 bitratu'
483 2079 563 2106 suo
592 2065 696 2106 velit
725 2064 962 2120 discedere,
993 2071 1121 2121 atque
1151 2067 1281 2121 adeo,
1324 2067 1527 2122 quamdiu
1554 2069 1617 2110 vi-

285 2126 380 2175 vat,
421 2121 532 2162 actio
570 2120 746 2175 publica
781 2120 824 2161 in
858 2135 954 2163 eum
984 2123 1191 2178 permissa
1221 2123 1287 2164 sit.
1347 2122 1618 2177 Quamquam

286 2176 393 2218 haec
421 2186 490 2218 res
518 2176 668 2230 utique
698 2175 830 2231 digna
858 2182 945 2230 est,
986 2193 1095 2232 quae
1126 2178 1365 2234 religiosius
1404 2179 1618 2234 expenda-

287 2236 356 2273 tur
405 2231 740 2286 diligentiusque
787 2232 1095 2286 consideretur.
1143 2234 1272 2277 Nunc
1308 2234 1475 2276 iuvabit
1513 2250 1618 2290 pau-

288 2287 349 2329 cis
380 2287 631 2340 absolvisse,
663 2301 772 2342 quae
802 2286 855 2329 de
885 2289 1046 2331 musica
1076 2304 1289 2344 exponere
1319 2290 1619 2332 constituimus

290 2343 352 2398 (p.
397 2344 490 2384 798.
522 2343 572 2385 E.
604 2367 656 2374 ———
688 2344 783 2384 799.
815 2342 913 2398 R).
945 2370 997 2374 ——
1078 2345 1234 2399 Itaque
1274 2343 1401 2399 νόμοι
1444 2345 1617 2399 (modi

289 2398 520 2452 musici)
563 2398 688 2440 nobis
742 2412 889 2441 revera
940 2400 1026 2442 sint
1070 2401 1248 2455 leges,
1298 2400 1643 2455 sanciaturque„

290 2468 342 2495 ne
374 2453 468 2508 quis
505 2459 675 2509 praeter
712 2456 863 2497 cantus
893 2455 1090 2509 publicos
1111 2470 1160 2498 ac
1190 2470 1335 2499 sacros
1357 2456 1617 2502 universam·
1642 2466 1643 2515 ff

356 2631 393 2671 *)
418 2631 511 2664 Libr.
539 2631 584 2664 11.
