1644 2886
483 91 563 133 DE
596 90 873 136 LEGIBUS
906 97 987 134 etc.
1198 88 1428 132 LXXVII

61 206 251 263 quadam
283 207 475 250 oratoria
516 207 578 250 ita
616 206 785 250 dictum
823 213 913 261 est,
954 214 1002 249 ut
1031 206 1152 248 notio
1182 204 1433 247 traditionis

13 286 15 295 ι
60 265 131 307 vel
169 263 482 308 redhibitionis
523 264 772 308 extollatur.
831 264 902 307 Ac
933 268 1057 306 tanto
1086 262 1231 305 minus
1262 261 1338 303 illa
1367 261 1431 303 vi-

59 320 222 364 dentur
264 320 498 365 admittere
534 321 670 365 ullam
709 320 1012 378 perversitatis
1051 326 1129 363 aut
1165 318 1430 376 ineptiarum

58 378 380 434 suspicionem,
420 378 541 435 quod
579 379 793 436 pleraque
825 378 971 421 omnia
1005 376 1136 432 etiam
1167 391 1222 420 ex
1251 375 1430 433 Thucy-

59 434 186 490 dide,
226 435 554 493 Xenophonte,
587 436 683 478 aliis
710 436 874 492 probae
906 433 1175 478 Graecitatis
1206 432 1430 490 scriptori-

61 491 159 547 bus,
190 493 405 551 exemplis
436 492 738 537 consimilibus
777 492 988 536 illustrari
1018 498 1151 548 atque
1179 490 1429 535 confirmari

90 556 259 594 ossunt.

58 564 86 606 p
171 606 263 652 Sed
303 606 423 651 istud
454 607 656 664 quidem,
686 621 743 649 ne
771 605 948 664 longior
977 605 1138 649 evadat
1167 604 1428 662 disputatio,

0 697 2 714 .
57 679 176 707 nunc
215 664 362 721 placet
401 665 614 708 omittere.
684 663 1000 721 Progredimur
1037 663 1185 720 potius
1218 663 1429 705 continuo

56 720 115 764 ad
144 721 514 765 considerandum
544 736 643 764 eum
673 722 898 764 nominum
930 721 1253 764 abstractorum
1283 734 1427 773 usum,

56 792 145 834 quo
173 779 486 822 attributorum
517 785 562 821 et
589 777 944 836 praedicatorum
967 792 1146 822 munere
1165 777 1426 833 funguntur.

54 834 287 878 Ponuntur
316 836 429 879 enim
468 836 646 879 nomina
676 836 955 879 substantiva
985 835 1209 878 abstracta
1237 833 1426 891 primum

54 891 153 936 loco
191 893 415 948 attributi,
454 894 531 936 ubi
569 893 772 936 attributi
808 893 876 936 vis
915 893 1108 936 maxima
1144 896 1237 946 est,
1276 890 1340 933 ita
1379 896 1428 933 ut

54 949 188 992 etiam
228 950 274 992 in
313 965 392 1006 eo,
443 950 564 1007 quod
602 950 848 1008 praedicati
889 951 1035 994 locum
1089 948 1286 1003 obtinet,
1334 963 1424 991 non

53 1013 144 1049 tam
172 1007 438 1050 substantivi
477 1023 609 1063 quam
639 1007 841 1051 attributi
869 1008 938 1051 vis
967 1007 1154 1050 maxime
1185 1011 1424 1064 spectetur.

55 1062 191 1118 Quod
230 1065 361 1107 etiam
400 1080 427 1107 a
471 1065 647 1109 Latinis
677 1066 740 1108 ita
767 1065 864 1108 fieri
894 1070 1085 1120 constat,
1116 1063 1255 1107 veluti
1287 1078 1423 1119 quum

56 1119 233 1164 dicunt:
271 1121 490 1178 gloriae
533 1122 864 1181 magnitudo
895 1122 1166 1178 Ciceroni
1197 1121 1422 1164 multam

53 1178 337 1221 conflavit
380 1179 680 1234 invidiam,
721 1180 798 1223 ubi
837 1195 924 1223 non
964 1185 1052 1222 tam
1082 1178 1250 1236 gloria,
1291 1192 1423 1233 quam

53 1234 314 1292 magnitudo
357 1236 524 1293 gloriae
562 1236 754 1279 invidiae
794 1252 928 1280 causa
965 1237 1167 1280 extitisse
1197 1241 1422 1284 narratur;

54 1291 148 1335 vel:
193 1292 484 1336 fortitudo
526 1292 824 1351 Scipionis
874 1293 1279 1351 Carthaginem
1329 1290 1425 1334 de-

53 1348 220 1403 vicit,
263 1349 384 1404 quod
424 1351 600 1393 minime
639 1351 755 1393 idem
795 1357 878 1407 est,
910 1350 1030 1407 quod
1068 1349 1274 1406 Scipio
1305 1349 1422 1391 ior-

54 1405 130 1449 tis
172 1405 397 1449 devicit
438 1407 859 1466 Carthaginem.
930 1410 1167 1451 Praeterea
1203 1421 1309 1450 vero
1341 1421 1421 1449 no·

53 1462 171 1505 mina
210 1462 434 1507 abstracta
472 1465 602 1508 etiam
646 1481 726 1523 pro
769 1464 1049 1523 praedicato,
1101 1462 1222 1520 quod
1260 1469 1424 1506 vocant

53 1520 348 1577 grammatici,
379 1528 673 1579 usurpantur,
715 1523 779 1565 ita
816 1530 867 1565 ut
903 1523 1050 1566 locum
1090 1521 1278 1565 nominis
1310 1535 1417 1563 con·

53 1577 162 1619 creti
193 1577 437 1622 obtineant.
496 1579 633 1634 Quod
663 1579 843 1636 quidem
882 1595 934 1623 ea
963 1580 1061 1638 lege
1092 1585 1139 1622 et
1167 1577 1421 1622 conditione

52 1633 149 1676 fieri
188 1635 445 1692 consuevit,
485 1637 522 1680 si
562 1637 625 1679 rei
661 1637 732 1681 vel
770 1652 983 1694 personae
1020 1636 1152 1680 alicui
1193 1635 1260 1686 id,
1302 1634 1422 1691 quod

52 1690 93 1732 ei
137 1696 187 1733 ut
223 1699 477 1736 concretum
517 1693 726 1750 quiddam
769 1695 912 1751 possit
952 1694 1159 1749 attribui,
1198 1699 1423 1748 tamquam

52 1752 194 1790 totum
236 1755 282 1792 et
319 1750 450 1806 plane
482 1759 832 1795 consummatum
869 1751 1160 1806 adscribitur,
1203 1750 1331 1806 quasi
1370 1765 1424 1793 ea

51 1803 162 1847 illud
212 1805 358 1861 ipsum
405 1813 547 1851 totum
584 1809 668 1864 sit,
720 1807 841 1866 quod
881 1808 936 1852 de
987 1809 1088 1865 ipsa
1124 1807 1419 1865 praedicatur.

52 1859 187 1926 Quod
225 1878 365 1919 genus
402 1864 612 1920 loquendi
652 1872 697 1908 et
735 1867 879 1922 ipsum
922 1866 1030 1909 satis
1080 1865 1287 1921 frequens
1337 1871 1419 1907 est.

52 1917 123 1960 lta
161 1933 207 1959 m
243 1919 317 1962 vul
353 1935 405 1963 us
445 1928 597 1964 notum
638 1928 706 1965 est
742 1922 853 1964 illud
883 1922 1175 1966 Horatianum
1205 1921 1261 1964 de
1292 1921 1419 1964 Mae-

51 1980 230 2018 cenate:
403 1983 448 2020 et
504 1978 864 2034 praesidium
922 1985 977 2021 et
1028 1978 1196 2022 dulce
1241 1977 1418 2021 decus

50 2045 245 2082 meum,
290 2033 410 2088 quod
451 2041 568 2078 certe
608 2035 728 2078 aliud
769 2035 876 2092 quid
916 2035 1164 2093 signifieat,
1205 2050 1335 2091 quam
1381 2035 1419 2078 si

52 2087 246 2130 dicatur:
307 2089 349 2133 O
391 2090 653 2148 Maecenas,
696 2093 771 2148 qui
808 2092 915 2135 mihi
953 2092 1176 2150 praesidio
1216 2098 1260 2135 et
1290 2107 1418 2135 orna-

50 2151 199 2187 mento
238 2160 300 2190 es.
368 2147 468 2191 Nec
512 2149 639 2192 aliter
668 2148 800 2194 Satir.
840 2150 877 2194 I.
911 2152 958 2205 l,
998 2151 1066 2192 67.
1098 2148 1328 2194 Sulcius
1360 2155 1414 2192 et

52 2200 319 2259 Caprius,
357 2211 662 2261 accusatores,
713 2221 947 2265 magnus
1001 2212 1252 2263 uterque
1300 2207 1417 2248 timor

52 2258 379 2304 latronibus
417 2270 646 2306 vocantur.
717 2264 810 2307 Iam
857 2280 963 2307 vero
1010 2264 1128 2308 hunc
1176 2272 1414 2319 utrumque

51 2314 262 2372 loquendi
300 2332 428 2362 usum
470 2325 672 2363 tenentes
709 2321 912 2366 facillime
943 2320 1140 2365 iudicare
1173 2321 1416 2379 poterimus

52 2370 108 2415 de
151 2374 400 2419 nominibus
448 2377 493 2420 in
541 2377 664 2421 libris
716 2378 892 2436 Legum
953 2379 1281 2423 Platonicarum
1327 2378 1415 2421 isto

52 2428 184 2472 modo
212 2433 450 2488 usurpatis.
510 2434 580 2477 Ac
609 2434 664 2479 de
694 2435 945 2480 nominibus
970 2435 1147 2492 quidem
1178 2434 1415 2479 abstractis

54 2484 112 2527 ad
150 2501 362 2553 personas
400 2491 627 2535 translatis
666 2508 784 2536 nunc
824 2508 912 2536 non
954 2500 1025 2537 est
1083 2493 1173 2537 uod
1212 2498 1317 2549 post
1346 2506 1415 2547 ea,

54 2556 166 2598 quae
193 2559 280 2587 lam
308 2562 441 2604 supra
479 2549 680 2607 exposita
710 2557 828 2606 sunt,
857 2550 1016 2594 iterum
1078 2551 1260 2594 icamus.
1325 2549 1416 2592 Ita-

53 2613 139 2698 que
169 2606 326 2667 restat,
371 2604 504 2671 ut·de
535 2607 715 2651 alterins
748 2607 921 2675 generis
949 2608 1161 2675 &templis
1190 2607 1415 2665 explican-

85 2670 155 2700 um
188 2663 260 2702 sit.
323 2660 550 2706 Per-tinent
581 2679 686 2708 vero
717 2665 803 2709 huc
835 2664 909 2709 illa
941 2665 1064 2710 Libr.
1099 2664 1133 2707 1.
1166 2681 1208 2722 p.
1238 2667 1339 2709 653.
1371 2665 1414 2708 A
