1644 2886
16 293 23 303 ·
66 274 194 310 καῖον
211 281 220 290 ·

248 79 328 120 DE
360 75 633 120 LEGIBUS
668 76 788 119 LIB.
822 74 928 118 VII.
961 75 1010 116 P.
1044 75 1138 116 802.
1171 74 1237 116 St.
1329 73 1411 114 303

67 200 138 244 καὶ
175 196 432 255 ἁρμονίαισι
466 195 519 250 δὴ
545 198 618 240 καὶ
653 194 853 254 ῥυθμοῖς
887 192 1237 249 προςαρμόττειν
1271 189 1413 244 ἀναγ-

265 264 412 310 δεινὸν
457 265 543 321 γὰρ
587 261 669 324 ὅλῃ
712 281 759 317 γε
806 261 1003 318 ἁρμονίᾳ
1046 260 1238 316 ἀπᾴδειν
1274 256 1300 311 ἢ
1335 257 1414 317 ρ’ν-

67 335 176 390 θμῷ
210 331 481 392 ἀρρυθμεῖν,
517 333 653 387 μηδὲν
688 331 967 387 προςήκοντα
1004 328 1206 378 ἑκάστοις
1242 325 1414 370 τούτων

65 401 342 446 ἀποδιδόντα
391 408 488 450 τοῖς
522 402 704 454 μέλεσιν.
740 397 991 452 ἀναγκαῖον
1025 395 1081 450 δὴ
1126 413 1199 439 και
1244 394 1415 438 τούτων

67 485 122 511 τα
170 466 374 524 σχήματα
424 483 470 520 γε
513 469 796 530 νομοθετεῖν.
831 469 922 508 ἔστι
955 466 1000 507 δὲ
1030 464 1302 521 ἀμφοτέροις
1335 464 1416 519 μὲν

63 535 300 595 ἀμφότερα
335 531 510 590 ἀνάγκη
543 519 1211 611 κ’ἇτὲἰόρῗέιῖἇλἀποδιδόναι,ρτα
1249 532 1294 574 δὲ
1330 532 1417 572 τῶν
1440 534 1491 571 701
1516 534 1571 562 Μ
1590 533 1638 596 ’,ἢ

64 605 264 656 θηλειῶν
315 601 437 658 αὐτῷ
480 603 541 658 τῷ
585 604 665 654 τῆς
697 600 866 659 φύσεως
901 604 1106 655 ἑκατέρου
1144 601 1415 675 διαφέροντι,
1469 597 1554 628 ‘sua
1590 592 1635 618 ‘³‘

67 669 207 726 τούτῳ
253 673 318 714 δεῖ
362 673 436 714 καὶ
480 672 729 728 διασαφεῖν.
777 667 828 711 τὸ
869 667 922 720 δὴ
969 669 1300 722 μεγαλοπρεπὲς
1333 683 1416 709 ουν

66 742 138 782 καὶ
174 738 224 783 τὸ
261 737 373 795 πρὸς
410 735 492 790 τὴν
526 735 737 793 ἀνδρείαν
773 734 911 794 ῥέπον
945 732 1210 792 ἀρρενωπὸν
1248 740 1416 791 φατέον

65 806 198 856 εἶναι,
235 805 285 849 τὸ
332 807 376 847 δὲ
424 803 534 861 πρὸς
579 803 629 848 τὸ
676 802 859 858 κόσμιον
903 805 976 845 καὶ
1023 804 1208 860 σῶφρον
1241 804 1417 858 μᾶλλον

63 872 310 917 ἀποκλῖνον
352 874 729 928 θηλυγενέστερον
774 868 832 921 ὡς
874 867 927 914 ὃν
970 873 1251 948 παραδοτέον
1285 873 1331 912 ἕν
1373 886 1416 912 τε

63 942 126 996 τῷ
159 939 282 995 νόμω
317 939 390 982 καὶ
425 939 556 994 λόγῳ.
595 939 718 991 τάξις
761 941 842 994 μὲν
876 937 930 991 δή
967 955 1033 988 τις
1068 936 1206 990 αὕτη·
1243 938 1416 981 τούτων

65 1010 110 1051 δὲ
145 1007 295 1051 αὐτῶν
330 1009 590 1051 διδασκαλία
626 1009 699 1050 καὶ
737 1003 985 1063 παράδοσις
1004 1006 1202 1059 λεγέσθω
1232 1003 1282 1049 τὸ
1304 1002 1413 1060 μετὰ

65 1076 218 1131 τοῦτο,
252 1078 351 1118 τίνα
387 1073 559 1130 τρόπον
591 1073 675 1132 χρὴ
724 1091 797 1117 και
834 1072 989 1124 οἶςτισι
1024 1091 1097 1116 και
1134 1072 1239 1116 πότε
1275 1063 1417 1128 πρατ-

1446 945 1528 986 803

67 1243 164 1274 dedit
196 1239 331 1273 τούτοις
364 1240 531 1273 ἑκάστοις.
581 1241 679 1273 Idem
711 1246 896 1273 servarunt
920 1240 1103 1272 Bekkerus
1134 1245 1168 1272 et
1192 1240 1416 1272 Turicenses.

68 1290 123 1320 Ao
146 1288 297 1320 fortasse
324 1287 406 1320 Par.
432 1289 477 1319 A.
504 1289 554 1319 ita
580 1289 746 1329 scriptum
773 1288 929 1319 exhibet.
976 1287 1174 1319 Florentini
1201 1291 1318 1318 tamen
1335 1286 1418 1318 librj

67 1345 99 1366 a.
126 1345 154 1366 c.
178 1332 207 1366 δ.
233 1331 389 1366 ἑκάστοις
414 1331 556 1365 τούτων.
605 1333 709 1372 Quod
735 1334 843 1374 facit,
874 1340 912 1366 ut
938 1334 1003 1366 hoe
1037 1344 1100 1375 pro
1126 1344 1210 1366 vero
1236 1333 1417 1374 ducamus,

67 1391 178 1423 usque
202 1381 283 1412 dum
309 1381 352 1412 de
377 1381 455 1412 aliis
479 1381 580 1412 libris
606 1382 753 1413 meliora
781 1382 898 1412 edocti
924 1381 1103 1413 fuerimus.
1366 1378 1369 1379 ⁷

157 1423 317 1469 ἀνάγκη
345 1425 633 1469 κατεχόμενα]
660 1427 702 1458 V.
730 1428 905 1470 explicam,

66 1520 210 1597 adisse.
238 1518 275 1551 τὰ
299 1519 359 1559 μὲν
385 1520 451 1551 τῶν
474 1516 641 1565 ᾰρῥένων.
685 1519 754 1552 Sed
783 1521 850 1552 vid.
877 1520 1056 1561 explicatt.
1098 1484 1167 1551 Ρτό
1193 1519 1343 1561 θηλειῶν
1369 1523 1414 1552 A.

135 1577 188 1608 pr.
213 1577 258 1598 m.
284 1566 392 1598 λειῶν.

66 1713 128 1744 dis
139 1712 171 1743 ti
181 1722 233 1754 ng
243 1717 343 1744 uent
353 1722 407 1744 es,
457 1712 517 1744 Ad
545 1713 703 1754 singula-

65 1768 138 1790 rem
173 1768 355 1790 numerum
389 1756 631 1799 διορισάμενον
664 1758 703 1790 li—

774 1713 892 1744 obrem
910 1713 1068 1744 Astius
1094 1722 1170 1744 eum
1187 1711 1415 1754 Stephano

772 1759 958 1799 legendum
975 1759 1182 1790 arbitratur:
1213 1756 1250 1790 τὰ
1275 1758 1334 1799 μὲν
1350 1759 1416 1791 τῶν

66 1809 149 1846 quet
175 1810 211 1835 ut
223 1805 416 1836 subiectum
431 1805 582 1845 eogitari
600 1815 706 1846 opor-

66 1856 140 1882 tere
167 1847 256 1886 τινά,
281 1855 320 1881 ut
342 1850 474 1882 frustra
495 1850 620 1891 fuerit,
646 1851 706 1892 qui
740 1849 745 1856 ‘

66 1896 282 1928 desideravit
306 1893 584 1937 διορισαμένουε,
606 1907 707 1938 prae·

67 1943 188 1975 sertim
212 1952 317 1984 quum
341 1947 508 1983 sequatur
522 1943 606 1975 dein
621 1938 707 1974 ἀπο-

67 1986 217 2021 διδόντα.
267 1988 322 2020 De
355 1999 387 2020 v.
419 1986 513 2031 τύπῳ
546 2000 576 2021 v.
603 1989 648 2021 ad
672 1999 706 2030 p.

65 2034 145 2069 803.
177 2035 223 2067 D.
272 2034 360 2066 Mox
390 2033 519 2076 μηδὲν
554 2032 706 2076 προθή-

68 2091 208 2119 κοντα,
240 2086 309 2112 est:
343 2081 466 2114 nulla
503 2091 554 2113 ex.
584 2087 707 2124 parte

68 2128 398 2160 convenientia.

113 2173 201 2206 ἔστι
240 2171 285 2204 δὲ
330 2170 598 2216 ἀμφοτέροις
634 2172 707 2212 μὲν

67 2215 121 2259 ἅμ’
127 2231 153 2261 φ
164 2218 183 2252 ό
193 2231 259 2261 τερ
268 2231 288 2252 α
299 2219 362 2262 -]
380 2220 498 2253 Locus
509 2225 705 2262 corruptus.

66 2266 192 2321 Itaque
216 2266 514 2300 Schneiderus
547 2267 705 2299 refinxit:

67 2307 198 2355 ἀνάγκῃ
245 2311 462 2354 κατεχόμενα,
514 2324 537 2345 n
546 2324 564 2346 e
572 2323 590 2344 c
601 2324 619 2345 e
628 2324 643 2346 s
652 2323 668 2346 s
676 2314 704 2344 i-

69 2362 155 2391 tate
186 2360 327 2393 adstri
337 2366 422 2400 cta,
457 2360 554 2402 quod
581 2370 705 2402 parum

71 2404 192 2444 placet.
217 2407 250 2438 A
258 2417 274 2439 s
283 2408 315 2439 ti
324 2417 345 2438 u
354 2417 369 2439 s
384 2407 571 2448 legendum
586 2411 705 2438 censet

71 2445 109 2480 τὰ
132 2449 289 2491 ἑπόμενα.
336 2453 465 2485 Wink
476 2454 613 2486 elman
626 2463 647 2484 n
658 2462 705 2484 us

72 2505 154 2528 vero
179 2500 352 2532 coniectat
378 2498 418 2532 τὰ
440 2497 592 2540 ἐχόμενα.
635 2498 703 2530 No-

71 2542 125 2573 bis
148 2544 249 2575 unice
263 2545 377 2586 placet
391 2543 430 2578 τὰ
455 2543 570 2578 καθ’
549 2556 622 2588 ηκο
632 2557 674 2576 ντ
684 2556 704 2576 α

70 2584 285 2622 ἀποδιδόναι.
329 2590 465 2624 Deinde
493 2593 539 2626 ad
559 2593 702 2633 integri-

70 2638 176 2667 tatem
224 2638 416 2670 sententiae
461 2640 641 2681 complura
682 2649 703 2670 a

70 2681 201 2714 criticis
226 2682 423 2717 desiderata
445 2690 534 2717 sunt.
573 2684 700 2723 Quam-

773 1801 939 1847 ἀρρένων,
962 1804 998 1836 τὰ
1025 1803 1062 1836 δὲ
1087 1805 1154 1836 τῶν
1178 1805 1329 1847 θηλειῶν
1353 1817 1415 1838 αυ-

775 1862 818 1893 τῳ
850 1850 895 1881 τῶ
924 1851 982 1892 τῆς
1008 1862 1044 1891 φ.
1071 1862 1099 1882 κ.
1129 1863 1154 1884 τ.
1169 1852 1196 1883 λ.
1231 1851 1302 1884 Sed
1327 1852 1415 1884 nihil

776 1897 966 1938 quidquam
1005 1899 1126 1929 deesse
1166 1898 1269 1931 nobis
1311 1899 1416 1940 plane

773 1945 1022 1984 persuasimus.
1073 1943 1164 1979 Quid
1194 1946 1245 1976 rei
1272 1945 1334 1985 sit,
1361 1945 1416 1977 vel

775 1999 882 2020 unum
924 1990 1020 2021 istud
1050 1988 1110 2028 μέν
1143 1991 1300 2023 ostendit
1334 1996 1416 2033 post

774 2031 985 2076 ἀμφοτέροις
1038 2037 1301 2080 interpositum,
1359 2038 1415 2069 cui

775 2082 960 2118 manifesto
992 2084 1180 2124 respondet
1210 2083 1246 2115 δέ
1276 2085 1312 2115 in
1339 2094 1415 2116 ver·

775 2129 828 2160 bis
860 2126 899 2160 τὰ
930 2127 966 2160 δὲ
998 2140 1063 2159 των
1093 2129 1244 2171 θηλειῶν
1275 2141 1303 2161 κ.
1331 2141 1358 2162 τ.
1384 2130 1413 2165 λ.

774 2173 914 2216 Quippe
976 2177 1150 2208 sententia
1204 2177 1291 2209 haec
1343 2181 1414 2209 est:

774 2219 905 2259 Quum
950 2232 1053 2255 vero
1082 2225 1304 2266 *utrisque
1346 2233 1413 2255 ne-

773 2277 891 2300 cesse
914 2268 971 2300 sit
1004 2269 1271 2302 tribuantur
1298 2274 1412 2302 utra—

772 2324 853 2355 que
915 2316 1266 2357 convenientia,
1325 2321 1414 2348 tum

771 2370 879 2402 quae
911 2363 1170 2395 mulieribus
1209 2363 1412 2395 eonveni-

770 2411 860 2446 ant‚
892 2417 971 2448 pro
1009 2409 1244 2451 utriusque
1282 2419 1413 2441 sexus

775 2452 1049 2486 diversitate
1094 2455 1414 2487 declarandum

775 2504 848 2531 est.
884 2499 1025 2533 Etenim
1050 2511 1171 2534 sexum
1197 2502 1415 2543 muliebrem,

774 2546 951 2578 mentione
969 2548 1126 2579 virorum
1154 2548 1414 2589 praetermissa,

773 2592 828 2623 hic
854 2599 1102 2626 commemorat
1124 2594 1219 2636 ideo,
1233 2595 1315 2636 quia
1329 2594 1412 2628 huic

772 2638 926 2670 nondum
950 2640 1100 2681 usquam
1115 2640 1248 2674 similes
1261 2641 1412 2683 scriptae

772 2684 911 2717 fuerant
934 2685 1041 2727 leges.
