1644 2886
221 86 304 130 DE
337 83 613 129 LEGIBUS
645 83 762 127 121ss.
799 81 902 125 VII.
939 81 988 123 P.
1020 81 1116 122 812.
1148 78 1212 128 St.

58 203 126 237 cari
164 202 281 236 debet.
335 201 421 235 Nam
450 200 701 234 Macrobius

57 249 196 292 quidem
229 259 290 282 sua
322 258 341 280 a
374 249 543 280 Seneca
583 250 700 280 mutua

58 295 200 336 sumsit,
236 300 273 327 ut
308 303 395 335 quae
425 294 469 326 de
502 293 568 326 boc
593 303 700 336 expo-

60 343 123 375 sita
152 347 246 382 sunt,
267 352 306 373 eu
330 342 433 373 etiam
456 341 486 372 in
511 341 604 372 illum
619 348 702 372 cou-

62 389 208 420 veniant.
258 387 556 419 Cassiodorus
585 391 700 418 autem

61 434 155 475 quod
181 433 416 475 symphoniam
453 437 553 464 vorat
579 436 702 476 tempe·

60 483 245 513 ramentum
270 479 396 512 sonitus
419 478 540 522 gravis
554 477 602 511 ud
619 489 701 509 atu-

62 529 144 565 tum,
168 525 220 558 vel
243 523 336 558 acuti
359 524 406 558 ad
437 534 595 567 gravem,
629 534 697 556 mo-

59 570 217 604 «tutamen
252 570 414 612 effidem,
452 570 519 603 sive
553 570 588 602 in
621 579 702 602 voce

59 617 129 650 sive
153 618 187 649 in
210 616 421 660 percussione
443 616 512 649 sive
542 616 578 648 in
594 618 700 658 Jlatu,

64 664 150 696 satis
176 666 238 695 erit
264 664 306 696 ad
323 663 579 706 intelligendam
597 663 703 705 ipsius

62 711 269 742 sententiam
304 720 344 742 ea
380 710 576 749 recordari,
615 717 704 750 quae

63 761 164 789 autea
195 755 239 788 de
271 756 500 797 symphoniae
540 759 576 787 et
614 755 702 787 anti-

63 802 210 845 pboniae
244 802 273 832 vi
306 806 341 834 et
372 807 492 834 natura
528 805 609 833 suut
642 810 702 833 ex·

64 848 187 891 posita.
242 846 315 879 Nec
341 857 422 880 vero
448 847 625 890 negotium
650 847 703 878 fa-

63 894 169 926 cessit
196 892 501 934 Ptolomaeus,
533 895 589 935 qui
615 903 704 935 quae

64 944 180 972 narrat
212 939 256 971 de
290 940 396 972 variis
420 950 582 973 sonorum
609 950 700 972 com-

64 986 300 1029 plicationibus
336 996 523 1028 earumque
559 985 704 1019 nomini-

66 1035 146 1071 bus,
180 1043 218 1063 ea
252 1032 453 1074 neutiquam
481 1032 708 1064 adversantur

65 1079 95 1111 ei
125 1079 340 1118 sententiae,
378 1089 478 1120 quani
519 1077 708 1111 defenden-

66 1125 142 1156 dam
193 1125 426 1166 tuendumque
477 1126 707 1166 suscepimus.

66 1171 156 1204 unuin
180 1180 222 1203 ne
249 1171 450 1203 Platonis
475 1171 611 1212 quidem
633 1179 707 1202 ver—

68 1218 110 1248 ba
140 1217 248 1258 Legg.
276 1217 323 1248 11.
356 1228 388 1260 p.
413 1217 491 1252 669.
517 1217 557 1249 C.
586 1218 625 1249 t).
652 1216 709 1248 ubi

68 1264 253 1294 disseritur
278 1263 320 1296 de
346 1266 438 1296 varia
465 1274 505 1295 ac
529 1263 710 1305 multiplici

69 1319 215 1341 iocum,
240 1314 274 1342 et
311 1319 474 1342 sonorum
529 1310 710 1348 mixtione,

68 1366 155 1397 quae
170 1355 321 1397 graviter
337 1356 604 1399 reprehenditur,
624 1365 712 1388 nunc

70 1402 226 1434 ridentur
257 1405 464 1442 peculiarem
501 1403 563 1434 sibi
602 1402 711 1444 depo·

68 1457 168 1480 scere
199 1452 471 1486 enarrationem,
506 1458 709 1490 quamquam

69 1496 112 1526 de
143 1495 222 1526 loco
254 1495 310 1527 illo
343 1505 509 1537 perquam
543 1505 712 1528 memora—

69 1540 126 1572 bili
152 1541 219 1572 alio
246 1545 405 1582 tempore
436 1541 626 1574 accuratius
659 1541 708 1571 ‹li-

70 1590 212 1627 sputare
237 1588 328 1628 apud
352 1588 502 1620 animum
532 1587 709 1619 constitui-

71 1641 157 1664 mus.
205 1631 327 1674 Itaque
363 1632 414 1665 bis
455 1634 505 1665 ita
547 1633 713 1675 expositis

69 1679 261 1711 clarissime
286 1683 449 1721 apparet,
481 1681 621 1722 opinor,
654 1689 710 1711 ve-

71 1733 145 1756 rum
173 1734 252 1757 esse
283 1726 375 1766 quod
408 1732 509 1758 antea
542 1726 710 1758 iudicavi-

72 1779 157 1807 mus,
181 1772 310 1803 nullum
338 1781 481 1813 usquam
512 1773 546 1804 in
573 1772 711 1814 scriptis

72 1822 225 1849 veterum
254 1818 367 1849 locum
395 1819 548 1860 reperiri,
577 1828 618 1850 ex
641 1827 710 1859 quo

71 1867 167 1893 certo
194 1863 306 1904 possit
331 1863 581 1904 demonstrari,
619 1867 713 1896 vete-

73 1909 164 1940 ribus
200 1908 345 1940 Graecis
376 1914 410 1941 et
449 1910 615 1942 Romanis
652 1910 712 1941 ali-

73 1954 152 1995 quid
178 1954 221 1986 de
247 1960 387 1988 nostrae
403 1955 603 1988 barmoniae
627 1959 715 1996 arte,

73 2003 209 2042 qualem
239 2005 339 2033 antea
356 2001 616 2044 descripsimus,
636 2002 716 2034 sub·

73 2047 216 2080 oluiase.
266 2046 339 2080 Nec
366 2057 446 2080 vero
472 2059 512 2082 ea
538 2058 594 2081 res
619 2047 717 2080 nobis

73 2097 142 2125 tam
170 2093 253 2126 mira
278 2093 433 2135 videtur,
464 2104 564 2136 quam
601 2095 716 2127 multis

75 2139 146 2171 visa
179 2144 243 2172 est.
292 2139 395 2174 Quod
427 2141 518 2174 enim
560 2141 716 2182 plerique

76 2194 197 2217 omnes
223 2184 443 2220 veliementer
475 2188 589 2219 mirati
623 2191 715 2228 suut,

75 2236 180 2273 atque
203 2232 398 2265 etiamnunc
414 2243 519 2276 saepe
537 2233 715 2272 mirantur,

75 2277 167 2319 quod
192 2277 338 2318 Graeci,
369 2289 476 2320 quum
500 2279 532 2312 in
558 2280 635 2311 aliis
661 2290 717 2311 ar-

77 2324 167 2356 tibus
205 2324 398 2358 incredibili
445 2335 553 2368 paene
593 2325 718 2368 ingenii

79 2369 229 2402 sollertia
256 2372 550 2412 praestantissima
583 2376 617 2404 et
642 2382 719 2414 per-

81 2414 268 2449 fectissima
293 2428 399 2460 opera
438 2418 636 2458 effecerint,
669 2423 720 2450 ta-

83 2469 158 2491 men
182 2461 214 2492 in
239 2463 463 2503 pulcherrima
492 2468 527 2496 et
549 2463 720 2496 immanis·

83 2506 168 2537 sima
202 2511 294 2548 arte,
326 2511 380 2542 cui
413 2511 457 2542 ab
489 2510 574 2552 ipsis
612 2510 721 2542 Musis

83 2561 207 2584 ”omen
237 2559 299 2589 est,
322 2559 388 2588 tam
419 2567 539 2599 parum
561 2556 718 2598 profece—

85 2598 162 2635 rint,
190 2602 228 2629 ut
251 2609 358 2640 paene
382 2603 484 2635 rudes
515 2614 556 2636 ac
583 2603 719 2635 barbari

85 2643 251 2676 mansisse
292 2645 487 2685 videntum
537 2659 635 2690 quarn
676 2649 722 2681 illi

85 2688 274 2723 barbariem
309 2697 344 2723 et
382 2693 549 2727 feritatem
587 2696 719 2727 dir-unt.

133 2759 218 2791 Plat.
246 2751 333 2803 Opp.
363 2762 444 2813 ‘7⁰¹2
464 2762 506 2795 Χ.
538 2763 632 2795 Sect.
661 2764 700 2795 ll.

1331 79 1412 119 353

769 199 894 231 Graeci
942 198 1008 240 ipsi
1049 197 1202 230 fortasse
1247 199 1410 237 tanquam

770 245 925 278 cultioris
961 249 998 277 et
1029 242 1228 276 eruditioris
1251 241 1411 274 humani-

770 292 852 324 tatis
889 293 1128 332 argumentum
1179 286 1412 331 praedicaturi

770 343 900 377 essent,
925 337 1080 370 miraturi
1096 334 1251 368 vicissim
1270 337 1414 368 nostrae

770 383 970 417 barmoniae
995 392 1091 415 usum
1125 385 1161 414 et
1192 378 1413 414 consuetudi-

773 440 861 463 nem.
915 429 1082 462 Nimirum
1123 429 1316 460 tribuerunt
1364 426 1414 459 illi

771 477 907 515 omnia,
939 477 967 507 si
1000 475 1080 517 quid
1114 474 1264 507 iudicare
1290 482 1415 516 possu-

770 533 868 562 mus,
902 522 958 554 uni
990 521 1208 564 potissimum
1242 519 1416 553 melodiae

769 569 1005 612 praestantiae
1037 577 1078 601 ac
1110 567 1246 605 virtuti,
1282 566 1315 599 in
1348 574 1416 607 qua

770 613 1017 648 conformanda
1063 617 1169 655 atque
1208 610 1417 656 perficienda

770 663 859 694 adeo
889 659 1136 700 elaborarunt,
1176 665 1215 693 ut
1251 668 1416 691 sonorum

772 713 936 749 tanquam
971 707 1141 740 flexiones
1180 711 1214 739 et
1254 706 1417 738 modera-

772 756 887 786 tiones
912 754 1019 785 multo
1046 751 1231 786 videantur
1253 752 1420 784 habuisse

772 800 902 833 nostris
918 799 1121 839 liberiores3
1145 798 1178 831 id
1195 799 1287 840 quod
1313 798 1418 830 etiam

772 857 814 879 cx
853 856 895 878 eo
925 845 1067 888 intelligi
1099 845 1202 883 licet,
1240 845 1333 887 quod
1367 848 1418 876 te·

772 893 939 925 nuissirna
970 901 1134 933 quaeque
1163 896 1272 934 atque
1306 896 1420 925 teuer-

772 939 858 972 rima
890 947 1011 970 vocum
1047 937 1244 971 discrimina
1271 937 1420 971 admira·

773 985 832 1017 bili
859 985 1054 1017 subtilitate
1079 985 1193 1017 rimati
1220 994 1300 1017 esse
1316 983 1419 1016 sedu—

776 1034 879 1072 loque
904 1031 935 1063 in
963 1031 1041 1072 ipso
1073 1037 1175 1064 cantu
1211 1031 1421 1063 observasse

776 1077 1004 1120 reperiuntur.
1033 1077 1220 1111 Hancvero
1231 1077 1419 1110 carminum

777 1123 983 1157 musicorum
1016 1128 1052 1157 et
1088 1123 1348 1160 condendorum
1386 1127 1423 1156 et

779 1169 1031 1202 fundendorum
1065 1171 1240 1213 egregiam
1278 1170 1417 1202 liberta-

776 1223 869 1255 tem,
902 1226 943 1248 ex
975 1227 1040 1257 qua
1075 1227 1138 1248 uua
1165 1218 1276 1249 omnis
1298 1222 1418 1248 cantus

781 1262 1028 1304 perfectionem
1079 1269 1114 1295 et
1161 1263 1418 1295 absolutionem

780 1316 891 1351 aptam
928 1319 968 1340 ac
998 1319 1201 1352 suspensam
1239 1320 1319 1342 esse
1355 1318 1419 1351 pu-

780 1360 911 1393 tarunt,
952 1366 1019 1397 quo
1068 1355 1201 1388 facilius
1241 1361 1420 1388 tuerentur

781 1403 976 1444 certiusque
991 1404 1194 1442 retinerent,
1212 1413 1253 1435 ite
1265 1402 1420 1434 voluisse

778 1447 917 1490 quidem
942 1449 1163 1488 existimandi
1188 1454 1266 1481 sunt
1287 1446 1420 1490 aliquid

780 1495 932 1527 invenire
953 1500 1015 1527 aut
1038 1497 1210 1529 excolere.
1236 1494 1330 1536 quod
1345 1494 1421 1528 bar·-

780 1542 918 1573 moniae
948 1546 1091 1573 nostrae
1129 1547 1223 1574 esset
1261 1552 1324 1583 par
1361 1543 1423 1573 aut

779 1587 968 1619 consimile.
1001 1587 1145 1629 Quippe
1172 1589 1279 1620 sensit
1304 1587 1423 1629 utique

777 1643 864 1673 gens
897 1632 1162 1674 humanissima,
1195 1634 1225 1666 id
1261 1633 1354 1676 quod
1387 1635 1422 1665 in

778 1681 854 1721 ipsa
872 1680 921 1712 rei
938 1684 1062 1713 natura
1078 1681 1227 1723 positum
1252 1687 1317 1721 est,
1340 1690 1422 1713 con-

779 1727 909 1758 tinuam
942 1727 1044 1759 istam
1077 1728 1269 1760 iuncturam
1310 1726 1424 1769 dispa—

780 1773 864 1804 rium
892 1782 1040 1806 vocum.
1074 1783 1218 1815 quarum
1246 1783 1424 1815 unaquae-

781 1828 847 1857 que
881 1828 976 1850 suam
1011 1820 1075 1851 sihi
1112 1820 1286 1861 propriam
1319 1818 1425 1852 babe-

783 1870 833 1895 ret
851 1865 1136 1904 modulationem,
1161 1869 1323 1907 tanquam
1351 1866 1426 1896 viu-

782 1912 857 1942 cula
884 1911 1022 1943 iniicere
1047 1911 1202 1953 primarii
1229 1916 1351 1944 cantus
1385 1911 1425 1942 li-

784 1957 923 1997 bertati,
940 1956 1087 1999 ideoque
1102 1957 1190 1990 illam
1201 1959 1425 2000 potiussper-

783 2001 929 2035 nendum
955 2014 1054 2044 quam
1089 2003 1174 2036 banc
1200 2003 1425 2037 amittendam

784 2050 930 2081 censuit.
966 2050 1070 2083 Quod
1086 2051 1164 2092 quis
1181 2054 1246 2085 est.
1272 2050 1328 2092 qui
1347 2050 1426 2081 bar-

784 2095 904 2127 bariae
921 2097 1051 2129 seilicet
1070 2098 1183 2137 istius,
1207 2107 1308 2139 quam
1329 2096 1428 2128 multi

783 2146 936 2184 crepant,
962 2142 1127 2176 indicium
1154 2153 1234 2177 esse
1253 2146 1364 2186 putet,
1386 2151 1430 2176 ac

782 2198 850 2220 non
876 2190 990 2231 potius
1015 2201 1078 2231 pro
1104 2196 1311 2231 argumento
1330 2199 1428 2221 sum-

784 2244 860 2267 mae
900 2234 1121 2268 humanitatis
1154 2240 1189 2268 et
1221 2235 1429 2269 eruditionis

785 2281 916 2313 ducat?
943 2283 1060 2325 ltaque
1076 2283 1143 2315 illis
1161 2282 1353 2315 iustissima
1368 2291 1430 2314 ve-

785 2327 991 2368 rissimaque
1021 2329 1063 2361 di·
1079 2339 1199 2361 caussa
1225 2333 1347 2360 cantus
1365 2337 1428 2369 per

786 2373 1021 2415 harmoniam,
1054 2376 1126 2407 sive
1151 2374 1336 2416 figuratus,
1362 2373 1431 2406 fuit:

789 2419 1082 2461 simplicissimus,
1118 2421 1197 2453 licet
1232 2421 1427 2462 neutiquam

790 2470 858 2497 tam
885 2466 997 2507 iners,
1027 2478 1128 2510 quam
1158 2467 1255 2499 multi
1284 2471 1428 2509 putave—

790 2516 881 2550 runt,
909 2522 1020 2555 neque
1035 2514 1226 2546 mirandum
1247 2519 1312 2552 est,
1333 2513 1427 2553 qnod

788 2557 821 2589 in
847 2556 911 2590 hoc
935 2560 1018 2591 artis
1039 2570 1166 2602 genere
1184 2560 1352 2592 minorem
1375 2560 1426 2591 vi-

789 2602 913 2636 dentur
937 2605 1072 2638 laudem
1101 2605 1225 2647 ingenii
1249 2606 1429 2639 conseruti

789 2659 888 2690 esse,
919 2661 1020 2693 quam
1055 2662 1142 2693 quae.
1175 2652 1300 2684 nostris
1322 2653 1430 2685 artifi-

788 2696 883 2727 ribus
910 2707 951 2730 eo
977 2699 1114 2731 nomine
1133 2699 1236 2736 vulco
1253 2698 1425 2731 tribuitur.

1077 2750 1083 2756 ’
1106 2754 1157 2794 93
