<?xml version="1.0" encoding="UTF-8"?>
<!DOCTYPE html PUBLIC "-//W3C//DTD XHTML 1.0 Transitional//EN"
    "http://www.w3.org/TR/xhtml1/DTD/xhtml1-transitional.dtd">
<html xmlns="http://www.w3.org/1999/xhtml" xml:lang="en" lang="en">
 <head>
  <title>
</title>
<meta http-equiv="Content-Type" content="text/html;charset=utf-8" />
  <meta name='ocr-system' content='tesseract 3.04.00' />
  <meta name='ocr-capabilities' content='ocr_page ocr_carea ocr_par ocr_line ocrx_word'/>
</head>
<body>
  <div class='ocr_page' id='page_1' title='image "./s2operaomniarece10platuoft_0374.png"; bbox 0 0 1644 2886; ppageno 0'>
   <div class='ocr_carea' id='block_1_1' title="bbox 291 98 1627 405">
    <p class='ocr_par' dir='ltr' id='par_1_1' title="bbox 291 98 1627 405">
     <span class='ocr_line' id='line_1_1' title="bbox 291 98 1147 143; baseline -0.002 -1"><span class='ocrx_word' id='word_1_1' title='bbox 291 103 370 143; x_wconf 77' lang='lat'><strong>260</strong></span> <span class='ocrx_word' id='word_1_2' title='bbox 779 101 808 140; x_wconf 82' lang='lat' dir='ltr'>P</span> <span class='ocrx_word' id='word_1_3' title='bbox 827 99 860 139; x_wconf 74' lang='lat' dir='ltr'>L</span> <span class='ocrx_word' id='word_1_4' title='bbox 875 99 912 139; x_wconf 79' lang='lat' dir='ltr'><strong>A</strong></span> <span class='ocrx_word' id='word_1_5' title='bbox 925 99 961 138; x_wconf 90' lang='lat' dir='ltr'>T</span> <span class='ocrx_word' id='word_1_6' title='bbox 975 100 1013 140; x_wconf 79' lang='lat' dir='ltr'><em>O</em></span> <span class='ocrx_word' id='word_1_7' title='bbox 1029 98 1066 140; x_wconf 87' lang='lat' dir='ltr'>N</span> <span class='ocrx_word' id='word_1_8' title='bbox 1084 99 1102 138; x_wconf 92' lang='lat'>1</span> <span class='ocrx_word' id='word_1_9' title='bbox 1118 100 1147 140; x_wconf 78' lang='lat' dir='ltr'>S</span> 
     </span>
     <span class='ocr_line' id='line_1_2' title="bbox 292 213 1626 268; baseline 0.001 -10"><span class='ocrx_word' id='word_1_10' title='bbox 292 221 506 265; x_wconf 78' lang='grc' dir='ltr'><strong><em>σείουσαι,</em></strong></span> <span class='ocrx_word' id='word_1_11' title='bbox 552 220 622 258; x_wconf 81' lang='grc' dir='ltr'><strong>καὶ</strong></span> <span class='ocrx_word' id='word_1_12' title='bbox 668 215 719 257; x_wconf 82' lang='grc' dir='ltr'><strong>οὑ</strong></span> <span class='ocrx_word' id='word_1_13' title='bbox 766 213 892 266; x_wconf 74' lang='grc' dir='ltr'><em>σιγὴν</em></span> <span class='ocrx_word' id='word_1_14' title='bbox 940 214 1052 255; x_wconf 70' lang='grc' dir='ltr'><strong>ἀλλὰ</strong></span> <span class='ocrx_word' id='word_1_15' title='bbox 1112 230 1208 256; x_wconf 79' lang='grc' dir='ltr'><em>τινα</em></span> <span class='ocrx_word' id='word_1_16' title='bbox 1261 217 1498 268; x_wconf 78' lang='grc' dir='ltr'><em>μελῳδίαν,</em></span> <span class='ocrx_word' id='word_1_17' title='bbox 1556 220 1626 259; x_wconf 75' lang='grc' dir='ltr'><strong>καὶ</strong></span> 
     </span>
     <span class='ocr_line' id='line_1_3' title="bbox 291 279 1627 338; baseline 0 -14"><span class='ocrx_word' id='word_1_18' title='bbox 291 283 481 337; x_wconf 74' lang='grc' dir='ltr'><em>ἀτεχνῶς</em></span> <span class='ocrx_word' id='word_1_19' title='bbox 518 281 613 323; x_wconf 82' lang='grc' dir='ltr'><em>οἷον</em></span> <span class='ocrx_word' id='word_1_20' title='bbox 648 281 917 323; x_wconf 78' lang='grc' dir='ltr'><em>καταυλοῦσι</em></span> <span class='ocrx_word' id='word_1_21' title='bbox 966 281 1051 321; x_wconf 78' lang='grc' dir='ltr'><strong>τῶν</strong></span> <span class='ocrx_word' id='word_1_22' title='bbox 1094 283 1301 330; x_wconf 83' lang='grc' dir='ltr'><em>παιδίων,</em></span> <span class='ocrx_word' id='word_1_23' title='bbox 1338 279 1547 338; x_wconf 74' lang='grc' dir='ltr'><em>καθάπερ</em></span> <span class='ocrx_word' id='word_1_24' title='bbox 1583 286 1627 324; x_wconf 81' lang='grc' dir='ltr'><strong>αἱ</strong></span> 
     </span>
     <span class='ocr_line' id='line_1_4' title="bbox 297 344 1626 405; baseline 0 -17"><span class='ocrx_word' id='word_1_25' title='bbox 297 350 381 389; x_wconf 75' lang='grc' dir='ltr'><strong>τῶν</strong></span> <span class='ocrx_word' id='word_1_26' title='bbox 430 346 652 403; x_wconf 53' lang='grc' dir='ltr'><strong>ἐκφρόνων</strong></span> <span class='ocrx_word' id='word_1_27' title='bbox 697 347 910 400; x_wconf 80' lang='grc' dir='ltr'><em>βακχειῶν</em></span> <span class='ocrx_word' id='word_1_28' title='bbox 959 344 1092 394; x_wconf 75' lang='grc' dir='ltr'><em>ἰάσεις</em></span> <span class='ocrx_word' id='word_1_29' title='bbox 1135 345 1273 405; x_wconf 79' lang='grc' dir='ltr'><em>ταύτῃ</em></span> <span class='ocrx_word' id='word_1_30' title='bbox 1311 346 1362 404; x_wconf 78' lang='grc' dir='ltr'><strong>τῇ</strong></span> <span class='ocrx_word' id='word_1_31' title='bbox 1399 348 1477 397; x_wconf 80' lang='grc' dir='ltr'><strong>τῆς</strong></span> <span class='ocrx_word' id='word_1_32' title='bbox 1511 349 1626 398; x_wconf 85' lang='grc' dir='ltr'><em>κινή-</em></span> 
     </span>
    </p>
   </div>
   <div class='ocr_carea' id='block_1_2' title="bbox 293 409 1250 470">
    <p class='ocr_par' dir='ltr' id='par_1_2' title="bbox 293 409 1250 470">
     <span class='ocr_line' id='line_1_5' title="bbox 293 409 1250 470; baseline -0.003 -15"><span class='ocrx_word' id='word_1_33' title='bbox 293 430 395 462; x_wconf 80' lang='grc' dir='ltr'><em>σεως</em></span> <span class='ocrx_word' id='word_1_34' title='bbox 430 410 524 465; x_wconf 78' lang='grc' dir='ltr'><strong>ἅμα</strong></span> <span class='ocrx_word' id='word_1_35' title='bbox 557 416 708 468; x_wconf 78' lang='grc' dir='ltr'><em>χορείᾳ</em></span> <span class='ocrx_word' id='word_1_36' title='bbox 743 413 813 453; x_wconf 83' lang='grc' dir='ltr'><strong>καὶ</strong></span> <span class='ocrx_word' id='word_1_37' title='bbox 849 410 989 470; x_wconf 76' lang='grc' dir='ltr'>μούσῃ</span> <span class='ocrx_word' id='word_1_38' title='bbox 1019 409 1250 466; x_wconf 72' lang='grc' dir='ltr'><em>χρώμεναι.</em></span> 
     </span>
    </p>
   </div>
   <div class='ocr_carea' id='block_1_3' title="bbox 294 479 563 653">
    <p class='ocr_par' dir='ltr' id='par_1_3' title="bbox 294 479 563 653">
     <span class='ocr_line' id='line_1_6' title="bbox 400 479 497 520; baseline 0 -1"><span class='ocrx_word' id='word_1_39' title='bbox 400 479 497 520; x_wconf 81' lang='grc' dir='ltr'><strong>ΚΛ.</strong></span> 
     </span>
     <span class='ocr_line' id='line_1_7' title="bbox 294 543 563 597; baseline 0.007 -12"><span class='ocrx_word' id='word_1_40' title='bbox 294 544 394 585; x_wconf 60' lang='grc' dir='ltr'><strong>ἔσθ’</strong></span> <span class='ocrx_word' id='word_1_41' title='bbox 438 543 563 597; x_wconf 57' lang='lat' dir='ltr'><strong>rimu,-</strong></span> 
     </span>
     <span class='ocr_line' id='line_1_8' title="bbox 396 610 494 653; baseline 0 -2"><span class='ocrx_word' id='word_1_42' title='bbox 396 610 494 653; x_wconf 80' lang='grc' dir='ltr'><strong>ΑΘ.</strong></span> 
     </span>
    </p>
   </div>
   <div class='ocr_carea' id='block_1_4' title="bbox 398 674 785 727">
    <p class='ocr_par' dir='ltr' id='par_1_4' title="bbox 398 674 785 727">
     <span class='ocr_line' id='line_1_9' title="bbox 398 674 785 727; baseline 0.003 -11"><span class='ocrx_word' id='word_1_43' title='bbox 398 676 497 717; x_wconf 83' lang='grc' dir='ltr'><strong>ΚΛ.</strong></span> <span class='ocrx_word' id='word_1_44' title='bbox 573 678 676 725; x_wconf 70' lang='lat' dir='ltr'><strong>[mg</strong></span> <span class='ocrx_word' id='word_1_45' title='bbox 709 674 785 727; x_wconf 74' lang='grc' dir='ltr'><strong>δής</strong></span> 
     </span>
    </p>
   </div>
   <div class='ocr_carea' id='block_1_5' title="bbox 575 471 1174 528">
    <p class='ocr_par' dir='ltr' id='par_1_5' title="bbox 575 471 1174 528">
     <span class='ocr_line' id='line_1_10' title="bbox 575 471 1174 528; baseline -0.003 -8"><span class='ocrx_word' id='word_1_46' title='bbox 575 478 654 527; x_wconf 80' lang='grc' dir='ltr'><strong>Τίς</strong></span> <span class='ocrx_word' id='word_1_47' title='bbox 702 471 781 520; x_wconf 75' lang='grc' dir='ltr'><strong>οὖν</strong></span> <span class='ocrx_word' id='word_1_48' title='bbox 827 481 944 519; x_wconf 69' lang='grc' dir='ltr'><em>αἰτία</em></span> <span class='ocrx_word' id='word_1_49' title='bbox 983 476 1174 528; x_wconf 84' lang='grc' dir='ltr'><em>τούτων,</em></span> 
     </span>
    </p>
   </div>
   <div class='ocr_carea' id='block_1_6' title="bbox 1221 471 1621 531">
    <p class='ocr_par' dir='ltr' id='par_1_6' title="bbox 1221 471 1621 531">
     <span class='ocr_line' id='line_1_11' title="bbox 1221 471 1621 531; baseline -0.003 -12"><span class='ocrx_word' id='word_1_50' title='bbox 1221 471 1250 519; x_wconf 78' lang='grc' dir='ltr'><strong>ὦ</strong></span> <span class='ocrx_word' id='word_1_51' title='bbox 1297 478 1405 528; x_wconf 74' lang='grc' dir='ltr'><em>ξένε,</em></span> <span class='ocrx_word' id='word_1_52' title='bbox 1451 475 1621 531; x_wconf 76' lang='grc' dir='ltr'><strong>μάλιστ’</strong></span> 
     </span>
    </p>
   </div>
   <div class='ocr_carea' id='block_1_7' title="bbox 570 607 1286 663">
    <p class='ocr_par' dir='ltr' id='par_1_7' title="bbox 570 607 1286 663">
     <span class='ocr_line' id='line_1_12' title="bbox 570 607 1286 663; baseline -0.001 -12"><span class='ocrx_word' id='word_1_53' title='bbox 570 610 629 652; x_wconf 78' lang='grc' dir='ltr'><strong>Οὐ</strong></span> <span class='ocrx_word' id='word_1_54' title='bbox 669 610 786 652; x_wconf 77' lang='grc' dir='ltr'><em>πάνυ</em></span> <span class='ocrx_word' id='word_1_55' title='bbox 819 607 986 663; x_wconf 79' lang='grc' dir='ltr'><strong><em>χαλεπὴ</em></strong></span> <span class='ocrx_word' id='word_1_56' title='bbox 1025 610 1286 661; x_wconf 77' lang='grc' dir='ltr'><em>γιγνώσκειν.</em></span> 
     </span>
    </p>
   </div>
   <div class='ocr_carea' id='block_1_8' title="bbox 401 739 1627 797">
    <p class='ocr_par' dir='ltr' id='par_1_8' title="bbox 401 739 1627 797">
     <span class='ocr_line' id='line_1_13' title="bbox 401 739 1627 797; baseline 0.002 -15"><span class='ocrx_word' id='word_1_57' title='bbox 401 741 491 784; x_wconf 80' lang='grc' dir='ltr'><strong>ΑΘ.</strong></span> <span class='ocrx_word' id='word_1_58' title='bbox 562 744 802 797; x_wconf 81' lang='grc' dir='ltr'><em>Δειμαίνειν</em></span> <span class='ocrx_word' id='word_1_59' title='bbox 859 744 946 783; x_wconf 80' lang='grc' dir='ltr'><strong><em>ἐστι’</em></strong></span> <span class='ocrx_word' id='word_1_60' title='bbox 990 756 1073 783; x_wconf 83' lang='grc' dir='ltr'><strong>που</strong></span> <span class='ocrx_word' id='word_1_61' title='bbox 1122 740 1244 792; x_wconf 52' lang='grc' dir='ltr'><em>ταῦτ’</em></span> <span class='ocrx_word' id='word_1_62' title='bbox 1297 739 1529 797; x_wconf 69' lang='grc' dir='ltr'><em>ἀμφότερα</em></span> <span class='ocrx_word' id='word_1_63' title='bbox 1574 741 1627 784; x_wconf 71' lang='grc' dir='ltr'><strong>τά</strong></span> 
     </span>
    </p>
   </div>
   <div class='ocr_carea' id='block_1_9' title="bbox 388 866 1627 909">
    <p class='ocr_par' dir='ltr' id='par_1_9' title="bbox 388 866 1627 909">
     <span class='ocr_line' id='line_1_14' title="bbox 388 866 1627 909; baseline -0.001 -11"><span class='ocrx_word' id='word_1_64' title='bbox 388 868 426 898; x_wconf 85' lang='grc' dir='ltr'><strong>Ε.</strong></span> <span class='ocrx_word' id='word_1_65' title='bbox 476 866 684 909; x_wconf 66' lang='grc' dir='ltr'><strong>καθάπερ</strong></span> <span class='ocrx_word' id='word_1_66' title='bbox 717 868 760 898; x_wconf 78' lang='grc' dir='ltr'><strong>αἱ</strong></span> <span class='ocrx_word' id='word_1_67' title='bbox 794 871 869 898; x_wconf 74' lang='grc' dir='ltr'><strong>τῶν</strong></span> <span class='ocrx_word' id='word_1_68' title='bbox 902 868 1040 909; x_wconf 76' lang='grc' dir='ltr'>ἔκφρ.]</span> <span class='ocrx_word' id='word_1_69' title='bbox 1077 866 1094 907; x_wconf 80' lang='grc' dir='ltr'><em>ἡ</em></span> <span class='ocrx_word' id='word_1_70' title='bbox 1134 877 1194 907; x_wconf 80' lang='lat' dir='ltr'><strong>pro</strong></span> <span class='ocrx_word' id='word_1_71' title='bbox 1226 867 1262 897; x_wconf 85' lang='grc' dir='ltr'><strong>αἱ</strong></span> <span class='ocrx_word' id='word_1_72' title='bbox 1287 868 1325 898; x_wconf 81' lang='grc' dir='ltr'><strong>Α.</strong></span> <span class='ocrx_word' id='word_1_73' title='bbox 1357 867 1393 901; x_wconf 86' lang='grc' dir='ltr'><strong>Ξ.</strong></span> <span class='ocrx_word' id='word_1_74' title='bbox 1421 869 1466 900; x_wconf 77' lang='grc' dir='ltr'><strong>Ω.</strong></span> <span class='ocrx_word' id='word_1_75' title='bbox 1495 879 1523 901; x_wconf 74' lang='grc' dir='ltr'><strong>ι’,</strong></span> <span class='ocrx_word' id='word_1_76' title='bbox 1549 869 1570 901; x_wconf 79' lang='lat' dir='ltr'><strong>f,</strong></span> <span class='ocrx_word' id='word_1_77' title='bbox 1599 868 1627 901; x_wconf 79' lang='grc' dir='ltr'><strong>Ιι,</strong></span> 
     </span>
    </p>
   </div>
   <div class='ocr_carea' id='block_1_10' title="bbox 294 912 492 944">
    <p class='ocr_par' dir='ltr' id='par_1_10' title="bbox 294 912 492 944">
     <span class='ocr_line' id='line_1_15' title="bbox 294 912 492 944; baseline -0.01 0"><span class='ocrx_word' id='word_1_78' title='bbox 294 924 324 944; x_wconf 77' lang='lat' dir='ltr'><strong>a.</strong></span> <span class='ocrx_word' id='word_1_79' title='bbox 355 924 381 943; x_wconf 75' lang='lat'><strong>(¹.</strong></span> <span class='ocrx_word' id='word_1_80' title='bbox 407 924 437 943; x_wconf 92' lang='lat' dir='ltr'><strong>o.</strong></span> <span class='ocrx_word' id='word_1_81' title='bbox 463 912 492 942; x_wconf 83' lang='grc' dir='ltr'><strong>δ.</strong></span> 
     </span>
    </p>
   </div>
   <div class='ocr_carea' id='block_1_11' title="bbox 292 953 1629 1133">
    <p class='ocr_par' dir='ltr' id='par_1_11' title="bbox 292 953 1629 1133">
     <span class='ocr_line' id='line_1_16' title="bbox 388 953 1627 997; baseline 0.003 -11"><span class='ocrx_word' id='word_1_82' title='bbox 388 957 425 988; x_wconf 85' lang='lat' dir='ltr'><strong>P.</strong></span> <span class='ocrx_word' id='word_1_83' title='bbox 454 957 529 990; x_wconf 75' lang='lat'>791.</span> <span class='ocrx_word' id='word_1_84' title='bbox 578 957 618 986; x_wconf 78' lang='grc' dir='ltr'><strong>ἐν</strong></span> <span class='ocrx_word' id='word_1_85' title='bbox 653 959 700 995; x_wconf 66' lang='grc' dir='ltr'><strong>τῇ</strong></span> <span class='ocrx_word' id='word_1_86' title='bbox 733 955 852 997; x_wconf 76' lang='grc' dir='ltr'><strong>ψυχῇ</strong></span> <span class='ocrx_word' id='word_1_87' title='bbox 883 953 1113 997; x_wconf 74' lang='grc' dir='ltr'><em>φαίνεται]</em></span> <span class='ocrx_word' id='word_1_88' title='bbox 1146 955 1332 996; x_wconf 78' lang='grc' dir='ltr'><em>φαίνεσθαι</em></span> <span class='ocrx_word' id='word_1_89' title='bbox 1359 958 1408 987; x_wconf 77' lang='grc' dir='ltr'><strong>Ω.</strong></span> <span class='ocrx_word' id='word_1_90' title='bbox 1441 968 1469 988; x_wconf 90' lang='lat' dir='ltr'><strong>v.</strong></span> <span class='ocrx_word' id='word_1_91' title='bbox 1498 957 1519 989; x_wconf 83' lang='lat' dir='ltr'><strong>f.</strong></span> <span class='ocrx_word' id='word_1_92' title='bbox 1546 958 1575 990; x_wconf 74' lang='grc' dir='ltr'><strong>ΙΙ.</strong></span> <span class='ocrx_word' id='word_1_93' title='bbox 1603 969 1627 990; x_wconf 83' lang='lat' dir='ltr'><strong>r.</strong></span> 
     </span>
     <span class='ocr_line' id='line_1_17' title="bbox 293 999 1629 1045; baseline 0.001 -11"><span class='ocrx_word' id='word_1_94' title='bbox 293 1013 323 1034; x_wconf 82' lang='lat' dir='ltr'><strong>a.</strong></span> <span class='ocrx_word' id='word_1_95' title='bbox 351 1012 378 1033; x_wconf 86' lang='lat' dir='ltr'><strong>c.</strong></span> <span class='ocrx_word' id='word_1_96' title='bbox 407 1002 436 1034; x_wconf 77' lang='grc' dir='ltr'><strong>δ.</strong></span> <span class='ocrx_word' id='word_1_97' title='bbox 466 1013 495 1032; x_wconf 88' lang='grc' dir='ltr'><strong>ο.</strong></span> <span class='ocrx_word' id='word_1_98' title='bbox 524 1011 639 1033; x_wconf 86' lang='lat' dir='ltr'><strong>errore</strong></span> <span class='ocrx_word' id='word_1_99' title='bbox 665 1001 863 1033; x_wconf 75' lang='lat' dir='ltr'><strong>manifesto.</strong></span> <span class='ocrx_word' id='word_1_100' title='bbox 913 999 1002 1032; x_wconf 82' lang='lat' dir='ltr'><strong>Nam</strong></span> <span class='ocrx_word' id='word_1_101' title='bbox 1038 1001 1190 1040; x_wconf 89' lang='lat' dir='ltr'><strong>ineptum</strong></span> <span class='ocrx_word' id='word_1_102' title='bbox 1225 1004 1278 1032; x_wconf 87' lang='lat' dir='ltr'><strong>est</strong></span> <span class='ocrx_word' id='word_1_103' title='bbox 1301 1001 1412 1033; x_wconf 80' lang='lat' dir='ltr'><strong>istud:</strong></span> <span class='ocrx_word' id='word_1_104' title='bbox 1440 1001 1629 1045; x_wconf 72' lang='grc' dir='ltr'><em>ἀπεργασα-</em></span> 
     </span>
     <span class='ocr_line' id='line_1_18' title="bbox 292 1044 1629 1092; baseline 0.002 -15"><span class='ocrx_word' id='word_1_105' title='bbox 292 1050 371 1088; x_wconf 68' lang='grc' dir='ltr'><strong>μένη</strong></span> <span class='ocrx_word' id='word_1_106' title='bbox 403 1048 648 1087; x_wconf 74' lang='grc' dir='ltr'><em>φαίνεσθαι</em></span> <span class='ocrx_word' id='word_1_107' title='bbox 681 1044 845 1086; x_wconf 73' lang='grc' dir='ltr'><strong>γαλήνην,</strong></span> <span class='ocrx_word' id='word_1_108' title='bbox 882 1045 950 1076; x_wconf 90' lang='lat' dir='ltr'><strong>ubi</strong></span> <span class='ocrx_word' id='word_1_109' title='bbox 978 1044 1151 1084; x_wconf 77' lang='lat' dir='ltr'><strong>effecit,</strong></span> <span class='ocrx_word' id='word_1_110' title='bbox 1184 1049 1227 1077; x_wconf 89' lang='lat' dir='ltr'><strong>ut</strong></span> <span class='ocrx_word' id='word_1_111' title='bbox 1251 1047 1292 1076; x_wconf 88' lang='lat' dir='ltr'><strong>in</strong></span> <span class='ocrx_word' id='word_1_112' title='bbox 1325 1047 1466 1079; x_wconf 82' lang='lat' dir='ltr'><strong>animo</strong></span> <span class='ocrx_word' id='word_1_113' title='bbox 1498 1057 1629 1092; x_wconf 77' lang='lat' dir='ltr'><strong>appa-</strong></span> 
     </span>
     <span class='ocr_line' id='line_1_19' title="bbox 294 1089 1629 1133; baseline 0.001 -9"><span class='ocrx_word' id='word_1_114' title='bbox 294 1095 388 1124; x_wconf 74' lang='lat' dir='ltr'><strong>reat</strong></span> <span class='ocrx_word' id='word_1_115' title='bbox 413 1092 630 1132; x_wconf 80' lang='lat' dir='ltr'><strong>tranquill</strong></span> <span class='ocrx_word' id='word_1_116' title='bbox 646 1092 746 1123; x_wconf 83' lang='lat' dir='ltr'><strong>itas.</strong></span> <span class='ocrx_word' id='word_1_117' title='bbox 794 1091 937 1132; x_wconf 81' lang='lat' dir='ltr'>Recepit</span> <span class='ocrx_word' id='word_1_118' title='bbox 962 1094 1075 1122; x_wconf 85' lang='lat' dir='ltr'><strong>tamen</strong></span> <span class='ocrx_word' id='word_1_119' title='bbox 1103 1089 1288 1133; x_wconf 81' lang='grc' dir='ltr'><em>φαίνεσθαι</em></span> <span class='ocrx_word' id='word_1_120' title='bbox 1312 1090 1509 1126; x_wconf 80' lang='lat' dir='ltr'>Schneider.</span> <span class='ocrx_word' id='word_1_121' title='bbox 1535 1103 1629 1126; x_wconf 87' lang='lat' dir='ltr'><strong>com-</strong></span> 
     </span>
    </p>
   </div>
   <div class='ocr_carea' id='block_1_12' title="bbox 293 1199 932 1689">
    <p class='ocr_par' dir='ltr' id='par_1_12' title="bbox 293 1199 932 1689">
     <span class='ocr_line' id='line_1_20' title="bbox 297 1199 930 1242; baseline -0.003 -10"><span class='ocrx_word' id='word_1_122' title='bbox 297 1201 625 1242; x_wconf 77' lang='lat' dir='ltr'><strong>Corybantibus</strong></span> <span class='ocrx_word' id='word_1_123' title='bbox 658 1199 930 1233; x_wconf 77' lang='lat' dir='ltr'>immissis.</span> 
     </span>
     <span class='ocr_line' id='line_1_21' title="bbox 297 1245 930 1286; baseline -0.003 -8"><span class='ocrx_word' id='word_1_124' title='bbox 297 1245 458 1285; x_wconf 67' lang='lat' dir='ltr'><strong>Nimirum</strong></span> <span class='ocrx_word' id='word_1_125' title='bbox 487 1247 589 1277; x_wconf 69' lang='grc' dir='ltr'><strong>τελεῖν</strong></span> <span class='ocrx_word' id='word_1_126' title='bbox 615 1247 755 1278; x_wconf 88' lang='lat' dir='ltr'><strong>verbum</strong></span> <span class='ocrx_word' id='word_1_127' title='bbox 772 1250 824 1278; x_wconf 88' lang='lat' dir='ltr'><strong>est</strong></span> <span class='ocrx_word' id='word_1_128' title='bbox 851 1254 930 1286; x_wconf 86' lang='lat' dir='ltr'><strong>pro-</strong></span> 
     </span>
     <span class='ocr_line' id='line_1_22' title="bbox 297 1289 931 1332; baseline -0.005 -9"><span class='ocrx_word' id='word_1_129' title='bbox 297 1292 404 1332; x_wconf 85' lang='lat' dir='ltr'><strong>prium</strong></span> <span class='ocrx_word' id='word_1_130' title='bbox 430 1292 461 1323; x_wconf 86' lang='lat' dir='ltr'><strong>in</strong></span> <span class='ocrx_word' id='word_1_131' title='bbox 487 1302 523 1323; x_wconf 88' lang='lat' dir='ltr'><strong>re</strong></span> <span class='ocrx_word' id='word_1_132' title='bbox 548 1301 661 1331; x_wconf 82' lang='lat' dir='ltr'><strong>sacra,</strong></span> <span class='ocrx_word' id='word_1_133' title='bbox 686 1291 776 1323; x_wconf 84' lang='lat' dir='ltr'><strong>unde</strong></span> <span class='ocrx_word' id='word_1_134' title='bbox 800 1289 931 1332; x_wconf 72' lang='grc' dir='ltr'><strong><em>ἰάματα</em></strong></span> 
     </span>
     <span class='ocr_line' id='line_1_23' title="bbox 295 1336 931 1375; baseline -0.005 -7"><span class='ocrx_word' id='word_1_135' title='bbox 295 1337 403 1368; x_wconf 76' lang='grc' dir='ltr'><em>τελεῖν</em></span> <span class='ocrx_word' id='word_1_136' title='bbox 430 1336 589 1368; x_wconf 71' lang='lat' dir='ltr'>dicunntur</span> <span class='ocrx_word' id='word_1_137' title='bbox 621 1337 804 1375; x_wconf 86' lang='lat' dir='ltr'><strong>mulieres,</strong></span> <span class='ocrx_word' id='word_1_138' title='bbox 843 1344 931 1375; x_wconf 80' lang='lat' dir='ltr'><strong>quae</strong></span> 
     </span>
     <span class='ocr_line' id='line_1_24' title="bbox 295 1379 930 1423; baseline -0.003 -10"><span class='ocrx_word' id='word_1_139' title='bbox 295 1382 362 1413; x_wconf 88' lang='lat' dir='ltr'><strong>ritu</strong></span> <span class='ocrx_word' id='word_1_140' title='bbox 387 1381 536 1423; x_wconf 82' lang='lat' dir='ltr'><strong>quodam</strong></span> <span class='ocrx_word' id='word_1_141' title='bbox 567 1391 669 1414; x_wconf 83' lang='lat' dir='ltr'><strong>sacro</strong></span> <span class='ocrx_word' id='word_1_142' title='bbox 695 1380 845 1413; x_wconf 84' lang='lat' dir='ltr'><strong>remedia</strong></span> <span class='ocrx_word' id='word_1_143' title='bbox 871 1379 930 1411; x_wconf 83' lang='lat' dir='ltr'><strong>ad-</strong></span> 
     </span>
     <span class='ocr_line' id='line_1_25' title="bbox 296 1425 930 1467; baseline -0.005 -8"><span class='ocrx_word' id='word_1_144' title='bbox 296 1427 420 1466; x_wconf 83' lang='lat' dir='ltr'><strong>hibent,</strong></span> <span class='ocrx_word' id='word_1_145' title='bbox 448 1428 569 1467; x_wconf 80' lang='lat' dir='ltr'><strong>quibus</strong></span> <span class='ocrx_word' id='word_1_146' title='bbox 598 1427 647 1458; x_wconf 79' lang='lat' dir='ltr'><strong>vis</strong></span> <span class='ocrx_word' id='word_1_147' title='bbox 673 1426 798 1458; x_wconf 83' lang='lat' dir='ltr'><strong>furoris</strong></span> <span class='ocrx_word' id='word_1_148' title='bbox 823 1429 857 1458; x_wconf 92' lang='lat' dir='ltr'><strong>et</strong></span> <span class='ocrx_word' id='word_1_149' title='bbox 883 1425 930 1456; x_wconf 88' lang='lat' dir='ltr'><strong>in-</strong></span> 
     </span>
     <span class='ocr_line' id='line_1_26' title="bbox 295 1472 930 1513; baseline -0.003 -10"><span class='ocrx_word' id='word_1_150' title='bbox 295 1472 411 1504; x_wconf 86' lang='lat' dir='ltr'><strong>saniae</strong></span> <span class='ocrx_word' id='word_1_151' title='bbox 437 1473 634 1512; x_wconf 83' lang='lat' dir='ltr'><strong>repellatur.</strong></span> <span class='ocrx_word' id='word_1_152' title='bbox 685 1472 794 1513; x_wconf 81' lang='grc' dir='ltr'><strong><em>Περί</em></strong></span> <span class='ocrx_word' id='word_1_153' title='bbox 816 1475 930 1502; x_wconf 89' lang='lat' dir='ltr'><strong>autem</strong></span> 
     </span>
     <span class='ocr_line' id='line_1_27' title="bbox 295 1516 930 1557; baseline -0.002 -10"><span class='ocrx_word' id='word_1_154' title='bbox 295 1517 461 1557; x_wconf 76' lang='lat' dir='ltr'><strong>significat</strong></span> <span class='ocrx_word' id='word_1_155' title='bbox 499 1516 611 1557; x_wconf 83' lang='lat' dir='ltr'><strong>quod</strong></span> <span class='ocrx_word' id='word_1_156' title='bbox 646 1517 830 1554; x_wconf 77' lang='lat' dir='ltr'><strong>attinet,</strong></span> <span class='ocrx_word' id='word_1_157' title='bbox 870 1525 930 1555; x_wconf 88' lang='lat' dir='ltr'><strong>po-</strong></span> 
     </span>
     <span class='ocr_line' id='line_1_28' title="bbox 295 1561 931 1602; baseline -0.002 -10"><span class='ocrx_word' id='word_1_158' title='bbox 295 1562 452 1601; x_wconf 84' lang='lat' dir='ltr'><strong>niturque</strong></span> <span class='ocrx_word' id='word_1_159' title='bbox 495 1561 685 1593; x_wconf 71' lang='lat' dir='ltr'><strong>rectissime</strong></span> <span class='ocrx_word' id='word_1_160' title='bbox 734 1564 931 1602; x_wconf 84' lang='lat' dir='ltr'><strong>propterea,</strong></span> 
     </span>
     <span class='ocr_line' id='line_1_29' title="bbox 295 1605 932 1647; baseline -0.005 -9"><span class='ocrx_word' id='word_1_161' title='bbox 295 1605 386 1647; x_wconf 88' lang='lat' dir='ltr'><strong>quod</strong></span> <span class='ocrx_word' id='word_1_162' title='bbox 419 1605 552 1645; x_wconf 67' lang='grc' dir='ltr'><em>ἰάματα</em></span> <span class='ocrx_word' id='word_1_163' title='bbox 584 1605 688 1638; x_wconf 80' lang='grc' dir='ltr'><em>τελεῖν</em></span> <span class='ocrx_word' id='word_1_164' title='bbox 717 1617 780 1646; x_wconf 86' lang='lat' dir='ltr'><strong>per</strong></span> <span class='ocrx_word' id='word_1_165' title='bbox 811 1614 850 1637; x_wconf 83' lang='lat' dir='ltr'><strong>se</strong></span> <span class='ocrx_word' id='word_1_166' title='bbox 879 1610 932 1636; x_wconf 82' lang='lat' dir='ltr'><strong>est</strong></span> 
     </span>
     <span class='ocr_line' id='line_1_30' title="bbox 293 1649 931 1689; baseline -0.003 -6"><span class='ocrx_word' id='word_1_167' title='bbox 293 1651 486 1683; x_wconf 78' lang='lat' dir='ltr'><strong>remedia</strong></span> <span class='ocrx_word' id='word_1_168' title='bbox 530 1649 757 1689; x_wconf 84' lang='lat' dir='ltr'><strong>adhibere,</strong></span> <span class='ocrx_word' id='word_1_169' title='bbox 803 1649 931 1682; x_wconf 90' lang='lat' dir='ltr'><strong>medi-</strong></span> 
     </span>
    </p>
   </div>
   <div class='ocr_carea' id='block_1_13' title="bbox 268 1695 931 1728">
    <p class='ocr_par' dir='ltr' id='par_1_13' title="bbox 268 1695 931 1728">
     <span class='ocr_line' id='line_1_31' title="bbox 268 1695 931 1728; baseline -0.003 0"><span class='ocrx_word' id='word_1_170' title='bbox 268 1698 432 1728; x_wconf 86' lang='lat' dir='ltr'><strong>&#39;cinam</strong></span> <span class='ocrx_word' id='word_1_171' title='bbox 467 1695 658 1728; x_wconf 77' lang='lat' dir='ltr'><strong>solemni</strong></span> <span class='ocrx_word' id='word_1_172' title='bbox 690 1695 781 1727; x_wconf 89' lang='lat' dir='ltr'><strong>ritu</strong></span> <span class='ocrx_word' id='word_1_173' title='bbox 815 1695 931 1726; x_wconf 80' lang='lat' dir='ltr'><strong>face-</strong></span> 
     </span>
    </p>
   </div>
   <div class='ocr_carea' id='block_1_14' title="bbox 296 1737 934 2184">
    <p class='ocr_par' dir='ltr' id='par_1_14' title="bbox 296 1737 934 2184">
     <span class='ocr_line' id='line_1_32' title="bbox 296 1737 930 1781; baseline -0.003 -9"><span class='ocrx_word' id='word_1_174' title='bbox 296 1751 349 1774; x_wconf 86' lang='lat' dir='ltr'><strong>re.</strong></span> <span class='ocrx_word' id='word_1_175' title='bbox 398 1737 535 1781; x_wconf 64' lang='lat' dir='ltr'><strong>Itaque·</strong></span> <span class='ocrx_word' id='word_1_176' title='bbox 553 1740 740 1772; x_wconf 83' lang='lat' dir='ltr'><strong>clarissime</strong></span> <span class='ocrx_word' id='word_1_177' title='bbox 775 1743 930 1781; x_wconf 77' lang='lat' dir='ltr'><strong>apparet,</strong></span> 
     </span>
     <span class='ocr_line' id='line_1_33' title="bbox 296 1785 931 1827; baseline -0.005 -9"><span class='ocrx_word' id='word_1_178' title='bbox 296 1786 438 1827; x_wconf 82' lang='lat' dir='ltr'><strong>opinor,</strong></span> <span class='ocrx_word' id='word_1_179' title='bbox 470 1787 584 1817; x_wconf 91' lang='lat' dir='ltr'><strong>locum</strong></span> <span class='ocrx_word' id='word_1_180' title='bbox 616 1785 661 1816; x_wconf 83' lang='lat' dir='ltr'><strong>ita</strong></span> <span class='ocrx_word' id='word_1_181' title='bbox 687 1795 766 1817; x_wconf 84' lang='lat' dir='ltr'><strong>esse</strong></span> <span class='ocrx_word' id='word_1_182' title='bbox 790 1794 931 1825; x_wconf 87' lang='lat' dir='ltr'><strong>compa—</strong></span> 
     </span>
     <span class='ocr_line' id='line_1_34' title="bbox 297 1828 931 1870; baseline -0.002 -8"><span class='ocrx_word' id='word_1_183' title='bbox 297 1835 419 1868; x_wconf 83' lang='lat' dir='ltr'><strong>ratum,</strong></span> <span class='ocrx_word' id='word_1_184' title='bbox 444 1835 493 1870; x_wconf 84' lang='lat' dir='ltr'><strong>ut,</strong></span> <span class='ocrx_word' id='word_1_185' title='bbox 521 1828 710 1862; x_wconf 89' lang='lat' dir='ltr'><strong>dummodo</strong></span> <span class='ocrx_word' id='word_1_186' title='bbox 736 1834 832 1862; x_wconf 83' lang='lat' dir='ltr'><strong>recte</strong></span> <span class='ocrx_word' id='word_1_187' title='bbox 857 1830 931 1861; x_wconf 81' lang='lat' dir='ltr'><strong>sue-</strong></span> 
     </span>
     <span class='ocr_line' id='line_1_35' title="bbox 298 1876 931 1917; baseline -0.003 -9"><span class='ocrx_word' id='word_1_188' title='bbox 298 1878 343 1908; x_wconf 88' lang='lat' dir='ltr'><strong>rit</strong></span> <span class='ocrx_word' id='word_1_189' title='bbox 366 1876 581 1917; x_wconf 77' lang='lat' dir='ltr'><strong>explicatus,</strong></span> <span class='ocrx_word' id='word_1_190' title='bbox 611 1876 702 1907; x_wconf 81' lang='lat' dir='ltr'><strong>nulla</strong></span> <span class='ocrx_word' id='word_1_191' title='bbox 734 1876 833 1916; x_wconf 85' lang='lat' dir='ltr'><strong>plane</strong></span> <span class='ocrx_word' id='word_1_192' title='bbox 859 1884 931 1907; x_wconf 91' lang='lat' dir='ltr'><strong>mu-</strong></span> 
     </span>
     <span class='ocr_line' id='line_1_36' title="bbox 297 1919 934 1961; baseline -0.003 -8"><span class='ocrx_word' id='word_1_193' title='bbox 297 1920 428 1953; x_wconf 78' lang='lat' dir='ltr'><strong>tatione</strong></span> <span class='ocrx_word' id='word_1_194' title='bbox 445 1920 607 1961; x_wconf 78' lang='lat' dir='ltr'><strong>indigeat.</strong></span> <span class='ocrx_word' id='word_1_195' title='bbox 641 1919 852 1952; x_wconf 79' lang='lat' dir='ltr'><strong>Faciendum</strong></span> <span class='ocrx_word' id='word_1_196' title='bbox 880 1923 934 1951; x_wconf 90' lang='lat' dir='ltr'><strong>ta-</strong></span> 
     </span>
     <span class='ocr_line' id='line_1_37' title="bbox 298 1965 932 2007; baseline -0.005 -8"><span class='ocrx_word' id='word_1_197' title='bbox 298 1976 375 1999; x_wconf 86' lang='lat' dir='ltr'><strong>men</strong></span> <span class='ocrx_word' id='word_1_198' title='bbox 415 1968 593 2007; x_wconf 77' lang='lat' dir='ltr'><strong>putamus,</strong></span> <span class='ocrx_word' id='word_1_199' title='bbox 638 1969 677 1996; x_wconf 89' lang='lat' dir='ltr'><strong>ut</strong></span> <span class='ocrx_word' id='word_1_200' title='bbox 715 1965 842 2000; x_wconf 81' lang='lat' dir='ltr'><strong>etiam.</strong></span> <span class='ocrx_word' id='word_1_201' title='bbox 865 1965 932 1996; x_wconf 82' lang='lat' dir='ltr'><strong>alia</strong></span> 
     </span>
     <span class='ocr_line' id='line_1_38' title="bbox 298 2010 931 2052; baseline -0.002 -9"><span class='ocrx_word' id='word_1_202' title='bbox 298 2010 467 2052; x_wconf 78' lang='lat' dir='ltr'><strong>quaedam</strong></span> <span class='ocrx_word' id='word_1_203' title='bbox 494 2010 536 2043; x_wconf 86' lang='lat' dir='ltr'><strong>ad</strong></span> <span class='ocrx_word' id='word_1_204' title='bbox 570 2010 643 2042; x_wconf 86' lang='lat' dir='ltr'><strong>eius</strong></span> <span class='ocrx_word' id='word_1_205' title='bbox 670 2010 931 2042; x_wconf 77' lang='lat' dir='ltr'><strong>illustrationem</strong></span> 
     </span>
     <span class='ocr_line' id='line_1_39' title="bbox 299 2055 930 2098; baseline -0.002 -10"><span class='ocrx_word' id='word_1_206' title='bbox 299 2055 503 2098; x_wconf 73' lang='lat' dir='ltr'><strong>pertinentia</strong></span> <span class='ocrx_word' id='word_1_207' title='bbox 529 2055 736 2087; x_wconf 83' lang='lat' dir='ltr'><strong>adiiciamus.</strong></span> <span class='ocrx_word' id='word_1_208' title='bbox 778 2055 930 2095; x_wconf 83' lang='lat' dir='ltr'><strong>Primum</strong></span> 
     </span>
     <span class='ocr_line' id='line_1_40' title="bbox 298 2100 933 2142; baseline -0.005 -9"><span class='ocrx_word' id='word_1_209' title='bbox 298 2101 400 2142; x_wconf 82' lang='lat' dir='ltr'><strong>igitur</strong></span> <span class='ocrx_word' id='word_1_210' title='bbox 440 2100 532 2141; x_wconf 88' lang='lat' dir='ltr'><strong>quod</strong></span> <span class='ocrx_word' id='word_1_211' title='bbox 573 2101 737 2132; x_wconf 84' lang='lat' dir='ltr'><strong>mulieres</strong></span> <span class='ocrx_word' id='word_1_212' title='bbox 771 2100 933 2133; x_wconf 83' lang='lat' dir='ltr'><strong>dicuntur</strong></span> 
     </span>
     <span class='ocr_line' id='line_1_41' title="bbox 297 2144 933 2184; baseline -0.003 -6"><span class='ocrx_word' id='word_1_213' title='bbox 297 2145 374 2178; x_wconf 85' lang='lat' dir='ltr'><strong>huic</strong></span> <span class='ocrx_word' id='word_1_214' title='bbox 386 2146 494 2178; x_wconf 77' lang='lat' dir='ltr'><strong>furori</strong></span> <span class='ocrx_word' id='word_1_215' title='bbox 507 2144 635 2177; x_wconf 82' lang='lat' dir='ltr'><strong>mederi</strong></span> <span class='ocrx_word' id='word_1_216' title='bbox 653 2145 773 2177; x_wconf 85' lang='lat' dir='ltr'><strong>solitae</strong></span> <span class='ocrx_word' id='word_1_217' title='bbox 793 2155 884 2184; x_wconf 81' lang='lat' dir='ltr'><strong>esse,</strong></span> <span class='ocrx_word' id='word_1_218' title='bbox 899 2144 933 2176; x_wconf 88' lang='lat' dir='ltr'><strong>id</strong></span> 
     </span>
    </p>
   </div>
   <div class='ocr_carea' id='block_1_15' title="bbox 272 2190 934 2230">
    <p class='ocr_par' dir='ltr' id='par_1_15' title="bbox 272 2190 934 2230">
     <span class='ocr_line' id='line_1_42' title="bbox 272 2190 934 2230; baseline 0 -9"><span class='ocrx_word' id='word_1_219' title='bbox 272 2216 277 2221; x_wconf 90' lang='lat'><em>.</em></span> <span class='ocrx_word' id='word_1_220' title='bbox 297 2194 391 2223; x_wconf 83' lang='lat' dir='ltr'><strong>certe</strong></span> <span class='ocrx_word' id='word_1_221' title='bbox 420 2191 546 2222; x_wconf 88' lang='lat' dir='ltr'><strong>nemini</strong></span> <span class='ocrx_word' id='word_1_222' title='bbox 562 2191 684 2222; x_wconf 84' lang='lat' dir='ltr'><strong>mirum</strong></span> <span class='ocrx_word' id='word_1_223' title='bbox 706 2190 853 2230; x_wconf 84' lang='lat' dir='ltr'><strong>accidet,</strong></span> <span class='ocrx_word' id='word_1_224' title='bbox 879 2190 934 2230; x_wconf 90' lang='lat' dir='ltr'><strong>qui</strong></span> 
     </span>
    </p>
   </div>
   <div class='ocr_carea' id='block_1_16' title="bbox 296 2234 933 2679">
    <p class='ocr_par' dir='ltr' id='par_1_16' title="bbox 296 2234 933 2679">
     <span class='ocr_line' id='line_1_43' title="bbox 297 2234 933 2273; baseline -0.002 -6"><span class='ocrx_word' id='word_1_225' title='bbox 297 2235 509 2273; x_wconf 83' lang='lat' dir='ltr'><strong>meminerit,</strong></span> <span class='ocrx_word' id='word_1_226' title='bbox 549 2235 682 2267; x_wconf 84' lang='lat' dir='ltr'><strong>illarum</strong></span> <span class='ocrx_word' id='word_1_227' title='bbox 721 2244 786 2267; x_wconf 91' lang='lat' dir='ltr'><strong>non</strong></span> <span class='ocrx_word' id='word_1_228' title='bbox 828 2234 933 2267; x_wconf 88' lang='lat' dir='ltr'><strong>modo</strong></span> 
     </span>
     <span class='ocr_line' id='line_1_44' title="bbox 296 2279 931 2320; baseline -0.002 -9"><span class='ocrx_word' id='word_1_229' title='bbox 296 2280 331 2312; x_wconf 93' lang='lat' dir='ltr'><strong>in</strong></span> <span class='ocrx_word' id='word_1_230' title='bbox 370 2279 560 2320; x_wconf 84' lang='lat' dir='ltr'><strong>Dionysiis‚</strong></span> <span class='ocrx_word' id='word_1_231' title='bbox 603 2288 718 2311; x_wconf 86' lang='lat' dir='ltr'><strong>verum</strong></span> <span class='ocrx_word' id='word_1_232' title='bbox 758 2281 861 2312; x_wconf 86' lang='lat' dir='ltr'><strong>etiam</strong></span> <span class='ocrx_word' id='word_1_233' title='bbox 900 2279 931 2311; x_wconf 92' lang='lat' dir='ltr'><strong>in</strong></span> 
     </span>
     <span class='ocr_line' id='line_1_45' title="bbox 298 2324 932 2365; baseline 0 -10"><span class='ocrx_word' id='word_1_234' title='bbox 298 2326 404 2357; x_wconf 86' lang='lat' dir='ltr'><strong>sacris</strong></span> <span class='ocrx_word' id='word_1_235' title='bbox 457 2334 600 2365; x_wconf 81' lang='lat' dir='ltr'><strong>magnae</strong></span> <span class='ocrx_word' id='word_1_236' title='bbox 654 2325 774 2356; x_wconf 86' lang='lat' dir='ltr'><strong>matris</strong></span> <span class='ocrx_word' id='word_1_237' title='bbox 833 2324 932 2356; x_wconf 70' lang='lat' dir='ltr'><strong>desim</strong></span> 
     </span>
     <span class='ocr_line' id='line_1_46' title="bbox 297 2368 933 2412; baseline -0.005 -9"><span class='ocrx_word' id='word_1_238' title='bbox 297 2369 503 2412; x_wconf 80' lang='lat' dir='ltr'><strong>praecipuas</strong></span> <span class='ocrx_word' id='word_1_239' title='bbox 551 2368 658 2402; x_wconf 83' lang='lat' dir='ltr'><strong>fnisse</strong></span> <span class='ocrx_word' id='word_1_240' title='bbox 705 2374 842 2410; x_wconf 81' lang='lat' dir='ltr'><strong>partes3</strong></span> <span class='ocrx_word' id='word_1_241' title='bbox 889 2368 933 2401; x_wconf 84' lang='lat' dir='ltr'><strong>de</strong></span> 
     </span>
     <span class='ocr_line' id='line_1_47' title="bbox 298 2412 930 2456; baseline -0.005 -9"><span class='ocrx_word' id='word_1_242' title='bbox 298 2424 366 2455; x_wconf 85' lang='lat' dir='ltr'><strong>qua</strong></span> <span class='ocrx_word' id='word_1_243' title='bbox 388 2425 426 2448; x_wconf 83' lang='lat' dir='ltr'><strong>re</strong></span> <span class='ocrx_word' id='word_1_244' title='bbox 441 2423 472 2445; x_wconf 73' lang='lat' dir='ltr'><strong>V.</strong></span> <span class='ocrx_word' id='word_1_245' title='bbox 501 2414 690 2447; x_wconf 83' lang='lat' dir='ltr'><strong>Lobeck.</strong></span> <span class='ocrx_word' id='word_1_246' title='bbox 711 2412 930 2456; x_wconf 78' lang='lat' dir='ltr'><strong>Aglaopham.</strong></span> 
     </span>
     <span class='ocr_line' id='line_1_48' title="bbox 298 2459 930 2502; baseline 0 -12"><span class='ocrx_word' id='word_1_247' title='bbox 298 2459 326 2491; x_wconf 93' lang='lat'><strong>1.</strong></span> <span class='ocrx_word' id='word_1_248' title='bbox 354 2470 387 2502; x_wconf 87' lang='lat' dir='ltr'><strong>p.</strong></span> <span class='ocrx_word' id='word_1_249' title='bbox 408 2459 477 2493; x_wconf 81' lang='lat'><strong>629</strong></span> <span class='ocrx_word' id='word_1_250' title='bbox 502 2469 576 2499; x_wconf 90' lang='lat' dir='ltr'><strong>sqq.</strong></span> <span class='ocrx_word' id='word_1_251' title='bbox 627 2459 797 2493; x_wconf 81' lang='lat' dir='ltr'><strong>Quocirca</strong></span> <span class='ocrx_word' id='word_1_252' title='bbox 824 2460 930 2500; x_wconf 86' lang='lat' dir='ltr'><strong>aptis-</strong></span> 
     </span>
     <span class='ocr_line' id='line_1_49' title="bbox 297 2503 930 2537; baseline 0 -2"><span class='ocrx_word' id='word_1_253' title='bbox 297 2505 406 2537; x_wconf 76' lang='lat' dir='ltr'><strong>simae</strong></span> <span class='ocrx_word' id='word_1_254' title='bbox 428 2514 512 2536; x_wconf 83' lang='lat' dir='ltr'><strong>sane</strong></span> <span class='ocrx_word' id='word_1_255' title='bbox 538 2503 646 2536; x_wconf 86' lang='lat' dir='ltr'><strong>videri</strong></span> <span class='ocrx_word' id='word_1_256' title='bbox 672 2504 864 2536; x_wconf 88' lang='lat' dir='ltr'><strong>debuerunt</strong></span> <span class='ocrx_word' id='word_1_257' title='bbox 888 2503 930 2535; x_wconf 86' lang='lat' dir='ltr'><strong>ad</strong></span> 
     </span>
     <span class='ocr_line' id='line_1_50' title="bbox 297 2548 931 2590; baseline -0.003 -8"><span class='ocrx_word' id='word_1_258' title='bbox 297 2548 589 2582; x_wconf 85' lang='lat' dir='ltr'><strong>averruncandum</strong></span> <span class='ocrx_word' id='word_1_259' title='bbox 622 2549 750 2582; x_wconf 89' lang='lat' dir='ltr'><strong>malum</strong></span> <span class='ocrx_word' id='word_1_260' title='bbox 782 2549 825 2580; x_wconf 79' lang='lat' dir='ltr'><strong>ab</strong></span> <span class='ocrx_word' id='word_1_261' title='bbox 857 2548 931 2590; x_wconf 77' lang='lat' dir='ltr'><strong>ipsa</strong></span> 
     </span>
     <span class='ocr_line' id='line_1_51' title="bbox 297 2593 930 2636; baseline -0.005 -9"><span class='ocrx_word' id='word_1_262' title='bbox 297 2603 418 2636; x_wconf 80' lang='lat' dir='ltr'><strong>magna</strong></span> <span class='ocrx_word' id='word_1_263' title='bbox 442 2597 548 2628; x_wconf 84' lang='lat' dir='ltr'><strong>matre</strong></span> <span class='ocrx_word' id='word_1_264' title='bbox 575 2593 677 2626; x_wconf 69' lang='lat' dir='ltr'><strong>deum</strong></span> <span class='ocrx_word' id='word_1_265' title='bbox 709 2597 780 2631; x_wconf 83' lang='grc' dir='ltr'><strong><em>τοῖς</em></strong></span> <span class='ocrx_word' id='word_1_266' title='bbox 802 2604 930 2635; x_wconf 75' lang='grc' dir='ltr'><em>μητρο-</em></span> 
     </span>
     <span class='ocr_line' id='line_1_52' title="bbox 297 2636 925 2679; baseline 0 -10"><span class='ocrx_word' id='word_1_267' title='bbox 297 2636 437 2679; x_wconf 57' lang='lat' dir='ltr'><strong>murone</strong></span> <span class='ocrx_word' id='word_1_268' title='bbox 469 2638 669 2672; x_wconf 88' lang='lat' dir='ltr'><strong>immissum.</strong></span> <span class='ocrx_word' id='word_1_269' title='bbox 724 2639 835 2671; x_wconf 87' lang='lat' dir='ltr'><strong>Porro</strong></span> <span class='ocrx_word' id='word_1_270' title='bbox 874 2648 925 2670; x_wconf 86' lang='lat' dir='ltr'><strong>sa-</strong></span> 
     </span>
    </p>
   </div>
   <div class='ocr_carea' id='block_1_17' title="bbox 996 1199 1630 2679">
    <p class='ocr_par' dir='ltr' id='par_1_17' title="bbox 996 1199 1630 2679">
     <span class='ocr_line' id='line_1_53' title="bbox 1000 1199 1629 1234; baseline 0.008 -5"><span class='ocrx_word' id='word_1_271' title='bbox 1000 1199 1154 1232; x_wconf 77' lang='lat' dir='ltr'><strong>nationes</strong></span> <span class='ocrx_word' id='word_1_272' title='bbox 1202 1201 1288 1232; x_wconf 85' lang='lat' dir='ltr'><strong>istae</strong></span> <span class='ocrx_word' id='word_1_273' title='bbox 1327 1199 1486 1233; x_wconf 87' lang='lat' dir='ltr'><strong>dicuntur</strong></span> <span class='ocrx_word' id='word_1_274' title='bbox 1525 1202 1629 1234; x_wconf 84' lang='lat' dir='ltr'><strong>fuisse</strong></span> 
     </span>
     <span class='ocr_line' id='line_1_54' title="bbox 999 1243 1629 1287; baseline 0.003 -12"><span class='ocrx_word' id='word_1_275' title='bbox 999 1243 1104 1281; x_wconf 78' lang='grc' dir='ltr'><strong><em>ἰοὶσεις</em></strong></span> <span class='ocrx_word' id='word_1_276' title='bbox 1147 1247 1211 1275; x_wconf 71' lang='grc' dir='ltr'><strong>τῶν</strong></span> <span class='ocrx_word' id='word_1_277' title='bbox 1248 1244 1419 1285; x_wconf 68' lang='grc' dir='ltr'><strong>ἐκφρόνων</strong></span> <span class='ocrx_word' id='word_1_278' title='bbox 1453 1248 1629 1287; x_wconf 80' lang='grc' dir='ltr'><em>βακχειῶν.</em></span> 
     </span>
     <span class='ocr_line' id='line_1_55' title="bbox 1000 1289 1628 1324; baseline 0.003 -4"><span class='ocrx_word' id='word_1_279' title='bbox 1000 1289 1101 1323; x_wconf 82' lang='lat' dir='ltr'><strong>Quod</strong></span> <span class='ocrx_word' id='word_1_280' title='bbox 1119 1299 1239 1321; x_wconf 85' lang='lat' dir='ltr'><strong>rursus</strong></span> <span class='ocrx_word' id='word_1_281' title='bbox 1258 1291 1454 1323; x_wconf 81' lang='lat' dir='ltr'><strong>sollicitavit</strong></span> <span class='ocrx_word' id='word_1_282' title='bbox 1480 1292 1628 1324; x_wconf 79' lang='lat' dir='ltr'><strong>Astius</strong></span> 
     </span>
     <span class='ocr_line' id='line_1_56' title="bbox 998 1335 1628 1375; baseline 0.006 -10"><span class='ocrx_word' id='word_1_283' title='bbox 998 1335 1226 1375; x_wconf 83' lang='lat' dir='ltr'><strong>praecipitato</strong></span> <span class='ocrx_word' id='word_1_284' title='bbox 1251 1335 1366 1375; x_wconf 85' lang='lat' dir='ltr'><strong>utique</strong></span> <span class='ocrx_word' id='word_1_285' title='bbox 1393 1335 1529 1368; x_wconf 88' lang='lat' dir='ltr'><strong>iudicio.</strong></span> <span class='ocrx_word' id='word_1_286' title='bbox 1575 1337 1628 1369; x_wconf 88' lang='lat' dir='ltr'><strong>In-</strong></span> 
     </span>
     <span class='ocr_line' id='line_1_57' title="bbox 997 1380 1629 1420; baseline 0.003 -9"><span class='ocrx_word' id='word_1_287' title='bbox 997 1380 1191 1420; x_wconf 82' lang='lat' dir='ltr'><strong>telliguntur</strong></span> <span class='ocrx_word' id='word_1_288' title='bbox 1239 1380 1325 1412; x_wconf 88' lang='lat' dir='ltr'><strong>enim</strong></span> <span class='ocrx_word' id='word_1_289' title='bbox 1375 1382 1629 1414; x_wconf 75' lang='lat' dir='ltr'><strong>sanationes</strong></span> 
     </span>
     <span class='ocr_line' id='line_1_58' title="bbox 997 1424 1629 1466; baseline 0.005 -11"><span class='ocrx_word' id='word_1_290' title='bbox 997 1424 1216 1461; x_wconf 88' lang='lat' dir='ltr'><strong>furorum,</strong></span> <span class='ocrx_word' id='word_1_291' title='bbox 1241 1425 1394 1466; x_wconf 89' lang='lat' dir='ltr'><strong>quibus</strong></span> <span class='ocrx_word' id='word_1_292' title='bbox 1419 1435 1535 1458; x_wconf 87' lang='lat' dir='ltr'><strong>mens</strong></span> <span class='ocrx_word' id='word_1_293' title='bbox 1560 1437 1629 1458; x_wconf 78' lang='lat' dir='ltr'><strong>ex·-</strong></span> 
     </span>
     <span class='ocr_line' id='line_1_59' title="bbox 998 1472 1629 1512; baseline 0.003 -11"><span class='ocrx_word' id='word_1_294' title='bbox 998 1474 1059 1501; x_wconf 86' lang='lat' dir='ltr'><strong>tra</strong></span> <span class='ocrx_word' id='word_1_295' title='bbox 1090 1480 1136 1502; x_wconf 85' lang='lat' dir='ltr'><strong>se</strong></span> <span class='ocrx_word' id='word_1_296' title='bbox 1168 1472 1358 1510; x_wconf 79' lang='lat' dir='ltr'><strong>rapitur,</strong></span> <span class='ocrx_word' id='word_1_297' title='bbox 1400 1475 1438 1502; x_wconf 92' lang='lat' dir='ltr'><strong>ut</strong></span> <span class='ocrx_word' id='word_1_298' title='bbox 1473 1472 1629 1512; x_wconf 84' lang='lat' dir='ltr'><strong>profecto</strong></span> 
     </span>
     <span class='ocr_line' id='line_1_60' title="bbox 998 1515 1628 1556; baseline 0.006 -12"><span class='ocrx_word' id='word_1_299' title='bbox 998 1524 1064 1545; x_wconf 78' lang='lat' dir='ltr'><strong>non</strong></span> <span class='ocrx_word' id='word_1_300' title='bbox 1103 1524 1190 1554; x_wconf 87' lang='lat' dir='ltr'><strong>opus</strong></span> <span class='ocrx_word' id='word_1_301' title='bbox 1227 1515 1272 1546; x_wconf 85' lang='lat' dir='ltr'><strong>sit</strong></span> <span class='ocrx_word' id='word_1_302' title='bbox 1309 1521 1504 1548; x_wconf 84' lang='lat' dir='ltr'><strong>commento</strong></span> <span class='ocrx_word' id='word_1_303' title='bbox 1547 1516 1628 1556; x_wconf 80' lang='lat' dir='ltr'><strong>isto,</strong></span> 
     </span>
     <span class='ocr_line' id='line_1_61' title="bbox 998 1558 1628 1604; baseline 0.005 -14"><span class='ocrx_word' id='word_1_304' title='bbox 998 1558 1091 1599; x_wconf 85' lang='lat' dir='ltr'><strong>quod</strong></span> <span class='ocrx_word' id='word_1_305' title='bbox 1116 1561 1173 1591; x_wconf 90' lang='lat' dir='ltr'><strong>ille</strong></span> <span class='ocrx_word' id='word_1_306' title='bbox 1199 1561 1391 1601; x_wconf 81' lang='lat' dir='ltr'><strong>proposuit,</strong></span> <span class='ocrx_word' id='word_1_307' title='bbox 1416 1564 1480 1592; x_wconf 79' lang='grc' dir='ltr'><strong>τῶν</strong></span> <span class='ocrx_word' id='word_1_308' title='bbox 1505 1562 1628 1604; x_wconf 77' lang='grc' dir='ltr'><strong><em>ἐκφρό-</em></strong></span> 
     </span>
     <span class='ocr_line' id='line_1_62' title="bbox 997 1606 1628 1644; baseline 0.011 -13"><span class='ocrx_word' id='word_1_309' title='bbox 997 1615 1059 1635; x_wconf 79' lang='grc' dir='ltr'><strong>νων</strong></span> <span class='ocrx_word' id='word_1_310' title='bbox 1106 1606 1287 1644; x_wconf 75' lang='grc' dir='ltr'><em>βακχείων,</em></span> <span class='ocrx_word' id='word_1_311' title='bbox 1337 1606 1358 1637; x_wconf 92' lang='lat' dir='ltr'><strong>i.</strong></span> <span class='ocrx_word' id='word_1_312' title='bbox 1403 1616 1432 1637; x_wconf 78' lang='lat' dir='ltr'><strong>e.</strong></span> <span class='ocrx_word' id='word_1_313' title='bbox 1482 1607 1628 1639; x_wconf 74' lang='lat' dir='ltr'><strong>insane</strong></span> 
     </span>
     <span class='ocr_line' id='line_1_63' title="bbox 996 1648 1628 1694; baseline 0.006 -15"><span class='ocrx_word' id='word_1_314' title='bbox 996 1648 1318 1680; x_wconf 80' lang='lat' dir='ltr'><strong>bacchantium.</strong></span> <span class='ocrx_word' id='word_1_315' title='bbox 1346 1649 1396 1681; x_wconf 78' lang='lat' dir='ltr'><strong>Ad</strong></span> <span class='ocrx_word' id='word_1_316' title='bbox 1420 1649 1527 1687; x_wconf 73' lang='grc' dir='ltr'>ἰάσεις</span> <span class='ocrx_word' id='word_1_317' title='bbox 1541 1651 1628 1694; x_wconf 81' lang='grc' dir='ltr'><em>χρώ-</em></span> 
     </span>
     <span class='ocr_line' id='line_1_64' title="bbox 996 1695 1630 1735; baseline 0.006 -12"><span class='ocrx_word' id='word_1_318' title='bbox 996 1704 1095 1735; x_wconf 81' lang='grc' dir='ltr'><em>μεναι</em></span> <span class='ocrx_word' id='word_1_319' title='bbox 1120 1704 1203 1726; x_wconf 90' lang='lat' dir='ltr'><strong>vero</strong></span> <span class='ocrx_word' id='word_1_320' title='bbox 1222 1695 1289 1725; x_wconf 88' lang='lat' dir='ltr'><strong>noli</strong></span> <span class='ocrx_word' id='word_1_321' title='bbox 1316 1704 1391 1727; x_wconf 89' lang='lat' dir='ltr'><strong>cum</strong></span> <span class='ocrx_word' id='word_1_322' title='bbox 1420 1697 1543 1728; x_wconf 80' lang='lat' dir='ltr'><strong>Astio</strong></span> <span class='ocrx_word' id='word_1_323' title='bbox 1568 1697 1630 1728; x_wconf 75' lang='grc' dir='ltr'><strong>εἰσί</strong></span> 
     </span>
     <span class='ocr_line' id='line_1_65' title="bbox 998 1738 1627 1779; baseline 0.008 -10"><span class='ocrx_word' id='word_1_324' title='bbox 998 1738 1205 1778; x_wconf 77' lang='lat' dir='ltr'><strong>intelligere,</strong></span> <span class='ocrx_word' id='word_1_325' title='bbox 1236 1739 1326 1779; x_wconf 90' lang='lat' dir='ltr'><strong>quod</strong></span> <span class='ocrx_word' id='word_1_326' title='bbox 1358 1744 1452 1772; x_wconf 86' lang='lat' dir='ltr'><strong>certe</strong></span> <span class='ocrx_word' id='word_1_327' title='bbox 1491 1740 1534 1772; x_wconf 90' lang='lat' dir='ltr'><strong>ad</strong></span> <span class='ocrx_word' id='word_1_328' title='bbox 1567 1752 1627 1774; x_wconf 85' lang='lat' dir='ltr'><strong>ex-</strong></span> 
     </span>
     <span class='ocr_line' id='line_1_66' title="bbox 997 1783 1627 1823; baseline 0.008 -9"><span class='ocrx_word' id='word_1_329' title='bbox 997 1783 1154 1823; x_wconf 83' lang='lat' dir='ltr'><strong>plendam</strong></span> <span class='ocrx_word' id='word_1_330' title='bbox 1169 1787 1204 1816; x_wconf 87' lang='lat' dir='ltr'><strong>et</strong></span> <span class='ocrx_word' id='word_1_331' title='bbox 1223 1785 1524 1818; x_wconf 83' lang='lat' dir='ltr'><strong>consummandam</strong></span> <span class='ocrx_word' id='word_1_332' title='bbox 1551 1796 1627 1819; x_wconf 83' lang='lat' dir='ltr'><strong>sen-</strong></span> 
     </span>
     <span class='ocr_line' id='line_1_67' title="bbox 998 1829 1627 1871; baseline 0.006 -12"><span class='ocrx_word' id='word_1_333' title='bbox 998 1829 1139 1860; x_wconf 81' lang='lat' dir='ltr'><strong>tentiam</strong></span> <span class='ocrx_word' id='word_1_334' title='bbox 1171 1838 1238 1871; x_wconf 87' lang='lat' dir='ltr'><strong>non</strong></span> <span class='ocrx_word' id='word_1_335' title='bbox 1269 1829 1351 1871; x_wconf 83' lang='lat' dir='ltr'><strong>satis</strong></span> <span class='ocrx_word' id='word_1_336' title='bbox 1376 1835 1449 1870; x_wconf 83' lang='lat' dir='ltr'><strong>est,</strong></span> <span class='ocrx_word' id='word_1_337' title='bbox 1485 1830 1546 1862; x_wconf 83' lang='lat' dir='ltr'><strong>sed</strong></span> <span class='ocrx_word' id='word_1_338' title='bbox 1571 1841 1627 1863; x_wconf 91' lang='lat' dir='ltr'><strong>co-</strong></span> 
     </span>
     <span class='ocr_line' id='line_1_68' title="bbox 998 1874 1628 1917; baseline 0.005 -13"><span class='ocrx_word' id='word_1_339' title='bbox 998 1875 1067 1914; x_wconf 84' lang='lat' dir='ltr'><strong>gita</strong></span> <span class='ocrx_word' id='word_1_340' title='bbox 1117 1874 1230 1914; x_wconf 83' lang='lat' dir='ltr'><strong>potius</strong></span> <span class='ocrx_word' id='word_1_341' title='bbox 1279 1874 1416 1906; x_wconf 87' lang='lat' dir='ltr'><strong>omnino</strong></span> <span class='ocrx_word' id='word_1_342' title='bbox 1456 1875 1628 1917; x_wconf 71' lang='grc' dir='ltr'><em>ποιοῦσιν,</em></span> 
     </span>
     <span class='ocr_line' id='line_1_69' title="bbox 999 1919 1627 1961; baseline 0.006 -12"><span class='ocrx_word' id='word_1_343' title='bbox 999 1923 1180 1959; x_wconf 83' lang='lat' dir='ltr'><strong>zeugmate</strong></span> <span class='ocrx_word' id='word_1_344' title='bbox 1203 1928 1269 1951; x_wconf 89' lang='lat' dir='ltr'><strong>non</strong></span> <span class='ocrx_word' id='word_1_345' title='bbox 1294 1921 1339 1951; x_wconf 82' lang='lat' dir='ltr'><strong>ita</strong></span> <span class='ocrx_word' id='word_1_346' title='bbox 1354 1930 1445 1960; x_wconf 88' lang='lat' dir='ltr'><strong>raro,</strong></span> <span class='ocrx_word' id='word_1_347' title='bbox 1471 1919 1536 1952; x_wconf 89' lang='lat' dir='ltr'><strong>hoc</strong></span> <span class='ocrx_word' id='word_1_348' title='bbox 1561 1925 1627 1961; x_wconf 76' lang='lat' dir='ltr'><strong>est,</strong></span> 
     </span>
     <span class='ocr_line' id='line_1_70' title="bbox 998 1963 1626 2006; baseline 0.003 -11"><span class='ocrx_word' id='word_1_349' title='bbox 998 1968 1117 2005; x_wconf 89' lang='lat' dir='ltr'><strong>repete</strong></span> <span class='ocrx_word' id='word_1_350' title='bbox 1143 1973 1184 1996; x_wconf 87' lang='lat' dir='ltr'><strong>ex</strong></span> <span class='ocrx_word' id='word_1_351' title='bbox 1199 1964 1432 2005; x_wconf 83' lang='lat' dir='ltr'><strong>superioribus</strong></span> <span class='ocrx_word' id='word_1_352' title='bbox 1456 1963 1521 2005; x_wconf 77' lang='grc' dir='ltr'><strong>οὐχ</strong></span> <span class='ocrx_word' id='word_1_353' title='bbox 1546 1964 1626 2006; x_wconf 81' lang='grc' dir='ltr'>ἡσυ-</span> 
     </span>
     <span class='ocr_line' id='line_1_71' title="bbox 996 2007 1628 2052; baseline 0.006 -14"><span class='ocrx_word' id='word_1_354' title='bbox 996 2009 1408 2052; x_wconf 76' lang='grc' dir='ltr'><em>χίαν-προςφέρουσιν,</em></span> <span class='ocrx_word' id='word_1_355' title='bbox 1435 2007 1518 2040; x_wconf 73' lang='grc' dir='ltr'><strong>ἀλλὰ</strong></span> <span class='ocrx_word' id='word_1_356' title='bbox 1546 2010 1628 2042; x_wconf 68' lang='grc' dir='ltr'><em>τοι]-</em></span> 
     </span>
     <span class='ocr_line' id='line_1_72' title="bbox 997 2053 1627 2095; baseline 0.006 -11"><span class='ocrx_word' id='word_1_357' title='bbox 997 2053 1132 2084; x_wconf 77' lang='grc' dir='ltr'><em>ναντίον</em></span> <span class='ocrx_word' id='word_1_358' title='bbox 1163 2055 1301 2094; x_wconf 71' lang='grc' dir='ltr'><em>κίνησιν.</em></span> <span class='ocrx_word' id='word_1_359' title='bbox 1355 2054 1512 2095; x_wconf 87' lang='lat' dir='ltr'><strong>Alioquin</strong></span> <span class='ocrx_word' id='word_1_360' title='bbox 1542 2055 1627 2088; x_wconf 86' lang='lat' dir='ltr'><strong>enim</strong></span> 
     </span>
     <span class='ocr_line' id='line_1_73' title="bbox 1000 2097 1629 2142; baseline 0.005 -12"><span class='ocrx_word' id='word_1_361' title='bbox 1000 2099 1148 2139; x_wconf 86' lang='lat' dir='ltr'><strong>scriptor</strong></span> <span class='ocrx_word' id='word_1_362' title='bbox 1172 2109 1236 2140; x_wconf 85' lang='lat' dir='ltr'><strong>pro</strong></span> <span class='ocrx_word' id='word_1_363' title='bbox 1257 2097 1429 2142; x_wconf 72' lang='grc' dir='ltr'><em>χρώμεναι</em></span> <span class='ocrx_word' id='word_1_364' title='bbox 1453 2101 1629 2140; x_wconf 84' lang='lat' dir='ltr'><strong>posuisset</strong></span> 
     </span>
     <span class='ocr_line' id='line_1_74' title="bbox 1000 2143 1628 2189; baseline 0.003 -14"><span class='ocrx_word' id='word_1_365' title='bbox 1000 2143 1115 2185; x_wconf 80' lang='lat' dir='ltr'><strong>potius</strong></span> <span class='ocrx_word' id='word_1_366' title='bbox 1136 2147 1295 2186; x_wconf 74' lang='grc' dir='ltr'><strong>χρῶνται.</strong></span> <span class='ocrx_word' id='word_1_367' title='bbox 1341 2144 1492 2185; x_wconf 81' lang='lat' dir='ltr'><strong>Denique</strong></span> <span class='ocrx_word' id='word_1_368' title='bbox 1517 2143 1628 2189; x_wconf 76' lang='grc' dir='ltr'><em>ταύτῃ</em></span> 
     </span>
     <span class='ocr_line' id='line_1_75' title="bbox 1001 2186 1627 2232; baseline 0.003 -13"><span class='ocrx_word' id='word_1_369' title='bbox 1001 2191 1042 2229; x_wconf 80' lang='grc' dir='ltr'><strong>τῇ</strong></span> <span class='ocrx_word' id='word_1_370' title='bbox 1066 2191 1127 2228; x_wconf 78' lang='grc' dir='ltr'><strong>τῆς</strong></span> <span class='ocrx_word' id='word_1_371' title='bbox 1148 2186 1304 2229; x_wconf 70' lang='grc' dir='ltr'><strong>κινήσεως</strong></span> <span class='ocrx_word' id='word_1_372' title='bbox 1316 2190 1436 2231; x_wconf 79' lang='grc' dir='ltr'><strong><em>χορείᾳ</em></strong></span> <span class='ocrx_word' id='word_1_373' title='bbox 1459 2188 1515 2220; x_wconf 80' lang='grc' dir='ltr'><strong>καὶ</strong></span> <span class='ocrx_word' id='word_1_374' title='bbox 1539 2189 1627 2232; x_wconf 80' lang='grc' dir='ltr'>μού-</span> 
     </span>
     <span class='ocr_line' id='line_1_76' title="bbox 1001 2233 1627 2277; baseline 0.005 -13"><span class='ocrx_word' id='word_1_375' title='bbox 1001 2245 1040 2277; x_wconf 84' lang='grc' dir='ltr'><strong>σῃ</strong></span> <span class='ocrx_word' id='word_1_376' title='bbox 1069 2236 1137 2265; x_wconf 80' lang='lat' dir='ltr'><strong>est:</strong></span> <span class='ocrx_word' id='word_1_377' title='bbox 1163 2237 1267 2265; x_wconf 88' lang='lat' dir='ltr'><strong>nota</strong></span> <span class='ocrx_word' id='word_1_378' title='bbox 1291 2233 1382 2271; x_wconf 88' lang='lat' dir='ltr'><strong>illa,</strong></span> <span class='ocrx_word' id='word_1_379' title='bbox 1407 2234 1627 2267; x_wconf 81' lang='lat' dir='ltr'><strong>celebrata</strong></span> 
     </span>
     <span class='ocr_line' id='line_1_77' title="bbox 999 2277 1627 2317; baseline 0.005 -8"><span class='ocrx_word' id='word_1_380' title='bbox 999 2279 1092 2317; x_wconf 82' lang='lat' dir='ltr'><strong>illa,</strong></span> <span class='ocrx_word' id='word_1_381' title='bbox 1144 2277 1301 2311; x_wconf 82' lang='lat' dir='ltr'><strong>chorea</strong></span> <span class='ocrx_word' id='word_1_382' title='bbox 1360 2282 1402 2311; x_wconf 89' lang='lat' dir='ltr'><strong>et</strong></span> <span class='ocrx_word' id='word_1_383' title='bbox 1458 2281 1627 2312; x_wconf 81' lang='lat' dir='ltr'><strong>musica</strong></span> 
     </span>
     <span class='ocr_line' id='line_1_78' title="bbox 1001 2323 1627 2360; baseline 0.003 -6"><span class='ocrx_word' id='word_1_384' title='bbox 1001 2332 1088 2355; x_wconf 87' lang='lat' dir='ltr'><strong>cum</strong></span> <span class='ocrx_word' id='word_1_385' title='bbox 1128 2329 1243 2354; x_wconf 88' lang='lat' dir='ltr'><strong>motu</strong></span> <span class='ocrx_word' id='word_1_386' title='bbox 1283 2323 1533 2360; x_wconf 86' lang='lat' dir='ltr'><strong>coniuncta,</strong></span> <span class='ocrx_word' id='word_1_387' title='bbox 1584 2325 1627 2356; x_wconf 86' lang='lat' dir='ltr'><strong>de</strong></span> 
     </span>
     <span class='ocr_line' id='line_1_79' title="bbox 999 2368 1626 2410; baseline 0.005 -11"><span class='ocrx_word' id='word_1_388' title='bbox 999 2378 1065 2408; x_wconf 88' lang='lat' dir='ltr'><strong>quo</strong></span> <span class='ocrx_word' id='word_1_389' title='bbox 1099 2377 1162 2399; x_wconf 86' lang='lat' dir='ltr'><strong>usu</strong></span> <span class='ocrx_word' id='word_1_390' title='bbox 1198 2368 1406 2407; x_wconf 85' lang='lat' dir='ltr'><strong>pronominis</strong></span> <span class='ocrx_word' id='word_1_391' title='bbox 1444 2378 1474 2399; x_wconf 86' lang='lat' dir='ltr'><strong>v.</strong></span> <span class='ocrx_word' id='word_1_392' title='bbox 1520 2368 1626 2410; x_wconf 75' lang='lat' dir='ltr'><strong>Legg.</strong></span> 
     </span>
     <span class='ocr_line' id='line_1_80' title="bbox 999 2412 1627 2454; baseline 0.002 -9"><span class='ocrx_word' id='word_1_393' title='bbox 999 2413 1054 2445; x_wconf 87' lang='grc' dir='ltr'>ΙΙΙ.</span> <span class='ocrx_word' id='word_1_394' title='bbox 1090 2423 1120 2453; x_wconf 87' lang='lat' dir='ltr'><strong>p.</strong></span> <span class='ocrx_word' id='word_1_395' title='bbox 1154 2412 1230 2447; x_wconf 81' lang='lat'><strong>677.</strong></span> <span class='ocrx_word' id='word_1_396' title='bbox 1267 2415 1304 2444; x_wconf 75' lang='lat' dir='ltr'><strong>A.</strong></span> <span class='ocrx_word' id='word_1_397' title='bbox 1332 2413 1387 2445; x_wconf 83' lang='lat' dir='ltr'><strong>lv.</strong></span> <span class='ocrx_word' id='word_1_398' title='bbox 1422 2423 1454 2454; x_wconf 88' lang='lat' dir='ltr'><strong>p.</strong></span> <span class='ocrx_word' id='word_1_399' title='bbox 1483 2413 1627 2449; x_wconf 53' lang='lat' dir='ltr'>705.st</span> 
     </span>
     <span class='ocr_line' id='line_1_81' title="bbox 998 2457 1625 2498; baseline 0.002 -9"><span class='ocrx_word' id='word_1_400' title='bbox 998 2458 1113 2498; x_wconf 82' lang='lat' dir='ltr'><strong>ibique</strong></span> <span class='ocrx_word' id='word_1_401' title='bbox 1137 2467 1214 2489; x_wconf 79' lang='lat' dir='ltr'><strong>ann.</strong></span> <span class='ocrx_word' id='word_1_402' title='bbox 1263 2457 1383 2491; x_wconf 82' lang='lat' dir='ltr'><strong>Qualis</strong></span> <span class='ocrx_word' id='word_1_403' title='bbox 1406 2468 1486 2491; x_wconf 81' lang='lat' dir='ltr'><strong>vero</strong></span> <span class='ocrx_word' id='word_1_404' title='bbox 1498 2462 1539 2492; x_wconf 79' lang='lat' dir='ltr'><strong>ea</strong></span> <span class='ocrx_word' id='word_1_405' title='bbox 1556 2458 1625 2491; x_wconf 76' lang='lat' dir='ltr'><strong>fue-</strong></span> 
     </span>
     <span class='ocr_line' id='line_1_82' title="bbox 999 2502 1624 2544; baseline 0.002 -10"><span class='ocrx_word' id='word_1_406' title='bbox 999 2503 1054 2542; x_wconf 71' lang='lat' dir='ltr'><strong>rit,</strong></span> <span class='ocrx_word' id='word_1_407' title='bbox 1079 2502 1112 2533; x_wconf 88' lang='lat' dir='ltr'><strong>id</strong></span> <span class='ocrx_word' id='word_1_408' title='bbox 1138 2503 1212 2543; x_wconf 78' lang='lat' dir='ltr'><strong>ipse</strong></span> <span class='ocrx_word' id='word_1_409' title='bbox 1233 2502 1333 2534; x_wconf 82' lang='lat' dir='ltr'><strong>Plato</strong></span> <span class='ocrx_word' id='word_1_410' title='bbox 1358 2503 1525 2544; x_wconf 81' lang='lat' dir='ltr'><strong>significat</strong></span> <span class='ocrx_word' id='word_1_411' title='bbox 1547 2513 1624 2537; x_wconf 84' lang='lat' dir='ltr'><strong>mox</strong></span> 
     </span>
     <span class='ocr_line' id='line_1_83' title="bbox 998 2546 1627 2589; baseline -0.003 -8"><span class='ocrx_word' id='word_1_412' title='bbox 998 2558 1029 2588; x_wconf 78' lang='grc' dir='ltr'><strong>ρ.</strong></span> <span class='ocrx_word' id='word_1_413' title='bbox 1056 2546 1132 2581; x_wconf 79' lang='grc'><strong>791.</strong></span> <span class='ocrx_word' id='word_1_414' title='bbox 1154 2549 1196 2579; x_wconf 81' lang='grc' dir='ltr'><strong>Α.</strong></span> <span class='ocrx_word' id='word_1_415' title='bbox 1249 2551 1361 2588; x_wconf 85' lang='lat' dir='ltr'><strong>Atque</strong></span> <span class='ocrx_word' id='word_1_416' title='bbox 1386 2547 1436 2580; x_wconf 85' lang='lat' dir='ltr'><strong>his</strong></span> <span class='ocrx_word' id='word_1_417' title='bbox 1461 2548 1627 2589; x_wconf 82' lang='lat' dir='ltr'><strong>expositis</strong></span> 
     </span>
     <span class='ocr_line' id='line_1_84' title="bbox 997 2593 1625 2634; baseline 0.003 -11"><span class='ocrx_word' id='word_1_418' title='bbox 997 2594 1109 2627; x_wconf 79' lang='lat' dir='ltr'><strong>omnia</strong></span> <span class='ocrx_word' id='word_1_419' title='bbox 1134 2596 1294 2634; x_wconf 81' lang='lat' dir='ltr'><strong>putamus</strong></span> <span class='ocrx_word' id='word_1_420' title='bbox 1323 2593 1388 2625; x_wconf 89' lang='lat' dir='ltr'><strong>iam</strong></span> <span class='ocrx_word' id='word_1_421' title='bbox 1421 2593 1508 2624; x_wconf 83' lang='lat' dir='ltr'><strong>adeo</strong></span> <span class='ocrx_word' id='word_1_422' title='bbox 1535 2593 1625 2625; x_wconf 82' lang='lat' dir='ltr'><strong>clara</strong></span> 
     </span>
     <span class='ocr_line' id='line_1_85' title="bbox 998 2637 1624 2679; baseline 0 -10"><span class='ocrx_word' id='word_1_423' title='bbox 998 2646 1074 2669; x_wconf 77' lang='lat' dir='ltr'><strong>esse</strong></span> <span class='ocrx_word' id='word_1_424' title='bbox 1090 2648 1129 2670; x_wconf 81' lang='lat' dir='ltr'><strong>ac</strong></span> <span class='ocrx_word' id='word_1_425' title='bbox 1144 2639 1335 2679; x_wconf 63' lang='lat' dir='ltr'><strong>perspicua,</strong></span> <span class='ocrx_word' id='word_1_426' title='bbox 1362 2641 1402 2669; x_wconf 90' lang='lat' dir='ltr'><strong>ut</strong></span> <span class='ocrx_word' id='word_1_427' title='bbox 1425 2637 1624 2670; x_wconf 79' lang='lat' dir='ltr'><strong>dubitationi</strong></span> 
     </span>
    </p>
   </div>
  </div>
 </body>
</html>
