1644 2886
480 121 561 164 DE
598 118 875 164 LEGIBUS
909 127 990 162 etc.
1273 117 1408 160 XXV

59 237 234 293 poenis3
274 235 394 292 quod
419 236 658 293 negotium
698 235 843 277 libro
887 247 1028 275 nono
1066 231 1130 274 ita
1167 232 1410 288 peragitur,

57 301 106 336 ut
151 293 303 347 simul,
354 290 615 350 interposita
657 306 810 334 rursus
867 289 1094 333 subtiliore
1135 289 1409 344 quaestione,

57 351 203 394 damni
243 359 286 393 et
328 350 509 393 iniuriae
554 351 746 405 itemque
778 348 887 391 iusti
929 354 974 389 et
1010 346 1158 389 iniusti
1207 346 1411 389 notiones

57 408 259 451 subtilius
332 407 702 464 pervestigentur.
806 405 1019 447 Defertur
1076 418 1180 446 vero
1252 402 1410 446 deinde

57 481 196 508 sermo
247 466 376 507 etiam
429 464 484 507 ad
531 480 583 507 ea
631 463 833 516 crimina,
885 477 996 517 quae
1043 460 1253 503 adversus
1302 459 1410 504 deos

57 530 101 565 et
161 522 414 580 religionem
482 521 692 565 committi
755 526 930 575 queant.
1021 517 1122 572 Qua
1178 518 1410 561 occasione

56 595 205 622 rursus
253 579 492 637 prudenter
531 578 669 621 utitur
719 575 1010 633 philosophus
1063 575 1118 617 ad
1166 574 1410 618 faciendam

56 638 299 680 uberiorem
350 637 392 679 di
427 635 687 687 ressionem,
738 632 1091 690 quandoquidem
1141 632 1243 675 inde
1297 648 1323 675 a
1365 649 1409 689 p.

57 695 154 737 887.
195 709 332 749 usque
363 709 390 736 a
448 707 492 748 p.
525 694 622 734 907.
662 691 836 748 egregie
861 690 1058 747 disputat
1076 689 1130 731 de
1151 689 1271 732 cultu
1304 690 1408 733 deo-

55 767 149 793 rum
197 757 327 806 atque
374 749 608 807 religione,
659 749 839 804 eiusque
888 747 1065 804 publico
1104 761 1199 789 usu.
1271 746 1409 790 Cuius

56 807 365 864 disputationis
409 821 587 850 caussas
639 812 684 849 et
725 806 919 848 rationes
956 805 1043 847 iam
1081 804 1127 846 in
1170 804 1407 860 superiori-

54 865 135 908 bus
177 865 283 907 satis
322 864 658 921 exploravimus.
733 865 949 919 Apertum
1000 869 1067 905 est
1116 868 1260 904 autem
1313 877 1409 904 eam

53 922 136 965 hoc
174 922 273 964 loco
301 937 389 964 non
418 923 581 964 minore
620 936 718 964 cum
748 927 840 964 arte
871 920 1103 977 explicari,
1135 935 1265 974 quam
1296 935 1408 975 quae

53 986 180 1022 antea
217 979 308 1022 suis
338 979 446 1022 locis
479 978 532 1021 de
564 977 844 1033 fortitudine,
883 976 1195 1033 temperantia,
1235 977 1407 1033 sapien-

52 1037 114 1079 tia
143 1043 187 1079 et
224 1037 395 1079 iustitia
433 1036 637 1079 instituta
666 1042 756 1090 est,
798 1035 1053 1092 praesertim
1086 1049 1220 1089 quum
1250 1035 1406 1091 pietas,

53 1099 103 1136 ut
130 1093 332 1137 Cicero
374 1094 534 1136 alicubi
572 1094 907 1150 interpretatur,
947 1092 1055 1135 nihil
1086 1091 1206 1133 aliud
1235 1093 1292 1135 sit
1322 1092 1406 1134 nisi

51 1151 219 1193 iustitia
260 1151 471 1194 adversus
511 1150 630 1194 deos.
700 1149 922 1204 Quocirca
961 1165 1015 1192 ne
1063 1164 1180 1192 nunc
1229 1148 1406 1205 quidem

52 1207 289 1264 quidquam
319 1207 516 1251 videmus
549 1208 595 1250 in
626 1209 837 1251 sermonis
865 1206 1172 1265 progressione
1203 1214 1247 1249 et
1277 1222 1405 1263 argu—

51 1266 183 1307 menti
214 1265 518 1322 explicatione,
550 1265 669 1320 quod
699 1265 793 1307 iure
823 1266 879 1308 im
917 1271 1118 1307 ortunum
1152 1270 1226 1305 aut
1250 1264 1406 1306 intem-

49 1322 265 1378 pestivum
295 1321 381 1364 dici
411 1327 564 1378 queat,
608 1328 799 1376 suntque
838 1281 981 1365 adqmc
1010 1321 1156 1364 omnia
1184 1321 1406 1377 praeclare

50 1378 249 1421 ordinata
280 1393 331 1421 ac
361 1378 587 1436 disposita.
647 1380 812 1422 Verum
834 1379 947 1421 enim
979 1394 1082 1421 vero
1104 1377 1158 1420 de
1188 1379 1258 1433 iis,
1292 1394 1404 1435 quae

49 1435 472 1493 comprehenduntur
509 1435 801 1480 undecimo
852 1451 912 1479 ac
952 1435 1286 1479 duodecimo
1338 1436 1403 1477 li-

50 1493 171 1547 bro,
204 1509 271 1536 res
305 1494 455 1548 utique
486 1493 661 1537 videtur
688 1509 735 1537 se
766 1493 925 1536 habere
949 1493 1087 1536 multo
1118 1493 1255 1535 aliter.
1315 1493 1405 1536 Hic

49 1550 161 1593 enim
213 1566 323 1606 quae
370 1551 426 1594 de
472 1552 659 1608 negotiis
707 1551 907 1594 civilibus
954 1551 1182 1593 maximam
1234 1558 1402 1608 partem

49 1606 106 1649 ad
132 1608 200 1650 ius
230 1609 444 1664 privatum
463 1609 783 1664 pertinentibus
805 1608 945 1665 deque
975 1608 1190 1651 institutis
1223 1609 1402 1664 quibus·
1454 1656 1465 1669 ,

48 1664 147 1712 dam
194 1665 380 1720 publicis
429 1672 730 1723 exponuntur,
782 1668 1027 1723 promiscue
1084 1667 1174 1708 fere
1214 1682 1265 1708 ac
1308 1666 1399 1708 sine

47 1729 166 1765 certo
205 1722 356 1765 ordine
395 1723 438 1764 in
482 1723 670 1766 medium
701 1723 966 1777 afferuntur,
1008 1730 1056 1766 ut
1085 1722 1401 1780 propemodum

47 1779 279 1835 suspiceris
318 1795 413 1823 esse
442 1780 550 1823 haec
575 1782 702 1837 quasi
733 1782 1009 1825 miscellanea
1048 1780 1261 1836 quaedam
1299 1796 1400 1824 nec-

45 1835 149 1878 dum
179 1837 286 1879 satis
314 1836 486 1895 digesta
524 1845 567 1880 et
606 1838 650 1880 in
680 1838 876 1881 ordinem
906 1837 1097 1881 redacta.
1156 1838 1258 1880 Nisi
1286 1838 1400 1881 forte

46 1893 144 1947 ipsa
172 1895 358 1941 varietas
387 1901 518 1950 atque
549 1896 676 1952 copia
703 1897 882 1941 istarum
913 1897 1059 1953 legum
1089 1894 1399 1952 philosophum

47 1949 277 2004 permovit,
308 1956 358 1991 ut
386 1960 531 2007 aptam
561 1967 710 1994 earum
739 1953 1074 2009 dispositionem
1100 1967 1186 1994 necv
1209 1958 1401 1995 tentaret

46 2021 127 2049 nec
161 2022 423 2064 magnopere
450 2015 636 2050 curaret.
697 2010 862 2051 Verum
886 2009 1005 2052 istud
1035 2009 1211 2064 quidem
1241 2015 1400 2052 utcun-

47 2078 132 2118 que
170 2078 216 2106 se
254 2063 408 2119 habet,
446 2065 552 2107 illud
584 2073 700 2109 certe
731 2074 911 2123 apparet
939 2066 1202 2120 clarissime,
1235 2065 1398 2122 pleras-

47 2135 132 2176 que
171 2121 300 2164 unius
339 2121 428 2163 fere
467 2124 637 2179 generis
668 2137 788 2176 esse,
828 2131 880 2166 ut
920 2130 1036 2166 certe
1066 2124 1295 2166 universae
1325 2124 1398 2168 vix

45 2178 270 2233 potuerint
307 2179 504 2236 accipere
543 2180 688 2223 locum
728 2181 916 2236 aliquem
954 2183 1041 2224 isto
1091 2181 1302 2237 aptiorem
1355 2191 1398 2224 et

43 2236 412 2290 opportuniorem.
471 2237 760 2292 Explicantur
778 2254 880 2281 vero
901 2254 1047 2281 earum
1069 2239 1396 2282 enumeratione

43 2291 168 2334 finita
207 2292 336 2335 inde
375 2309 401 2335 a
439 2294 590 2338 Libr.
624 2295 756 2338 XII.
783 2311 825 2351 p.
860 2298 976 2338 949.
1010 2295 1066 2338 D.
1099 2322 1151 2327 —
1181 2298 1296 2339 952.
1338 2297 1394 2339 D.

44 2349 171 2391 etiam
201 2350 410 2393 nonnulla
443 2352 549 2405 alia,
593 2367 706 2408 quae
745 2368 877 2408 quum
907 2353 963 2396 ad
992 2354 1218 2397 universae
1249 2354 1396 2410 reipu-

44 2405 184 2471 blicae
213 2406 500 2464 disciplinam,
531 2416 621 2451 tum
649 2409 703 2452 ad
734 2410 963 2453 utilitatem
994 2427 1048 2454 ex
1078 2411 1395 2468 peregrinatio-

45 2463 171 2506 nibus
201 2464 245 2506 in
275 2479 368 2507 eam
398 2465 714 2509 redundantem
752 2468 1010 2511 referuntur.
1070 2468 1286 2511 Nimirum
1315 2484 1394 2525 po-

44 2520 226 2563 steriora
253 2521 337 2564 ista
368 2538 574 2578 quorsum
606 2530 820 2580 spectent,
849 2525 1025 2568 minime
1055 2532 1122 2568 est
1142 2525 1393 2568 obscurum.

42 2575 362 2633 Praeparantur
391 2581 505 2622 enim
536 2580 618 2624 hac
650 2583 1012 2625 commentatione
1042 2582 1129 2638 illa,
1163 2597 1274 2638 quae
1304 2589 1394 2625 sta-

42 2633 119 2699 tim
149 2641 252 2700 post
279 2635 333 2678 de
371 2637 627 2681 custodibus
659 2639 849 2682 civitatis
880 2647 1186 2696 exponuntur,
1231 2641 1393 2697 quippe

44 2705 115 2744 qun
156 2708 316 2735 malore
348 2694 533 2748 quadam
575 2695 805 2752 prudentia
832 2695 1104 2740 diuturniore
1135 2713 1278 2740 rerum
1310 2713 1391 2741 usu
