1644 2886
481 89 564 132 DE
601 88 876 133 LEGIBUS
909 97 989 132 nto.
1367 88 1424 129 (¹1

53 205 181 248 tibris
219 204 458 247 Platonicis
500 210 712 247 tractatae
743 210 871 257 sunt,
914 211 1058 244 tamen
1090 201 1210 244 nulla
1242 217 1425 257 usquam

6 279 8 297 ὴ
55 260 398 318 deprehenditur
427 261 658 304 verborum
691 259 1023 314 convenientia,
1064 258 1147 302 nisi
1179 273 1307 315 quam
1348 275 1424 302 ne·

6 355 7 358 ,
52 319 245 362 cessario
283 325 550 375 pepererunt
580 318 703 374 ipsae
726 317 982 360 sententiae.
1042 315 1176 370 Quod
1207 316 1262 358 ad
1295 330 1423 359 caus-

4 394 6 400 ’
48 390 129 419 ¹sae
158 374 371 418 iudicium
402 390 640 430 sanequam
672 381 739 418 est
768 375 898 430 longe
917 373 1236 430 gravissimum.
1294 372 1422 417 Servi

0 438 2 472 ἐ
51 433 216 490 quippe
247 432 489 474 imitatores
521 435 566 474 in
596 432 759 474 talibus
790 431 923 488 longe
967 431 1163 487 profecto
1194 430 1322 473 aliter
1351 445 1422 473 so-

0 494 1 501 *
53 491 144 532 lent
182 489 370 540 versari3
412 490 485 545 qui
527 496 698 531 tantum
735 488 860 530 abest
898 493 948 529 ut
998 488 1145 529 omnia
1183 487 1423 530 liberaliter

52 547 278 604 proferant
307 552 516 602 certoque
546 546 674 587 alicui
717 544 900 587 consilio
931 558 1013 585 suo
1044 546 1223 600 propria
1254 545 1422 587 ratione

53 601 409 656 accommodent,
460 609 510 644 ut
550 602 688 644 animi
733 601 981 655 mentisque
1022 601 1177 657 inopes
1225 601 1420 657 undique

53 661 194 703 aliena
233 666 395 702 temere
427 659 663 701 corradant
703 673 755 700 ac
785 673 838 699 ne
878 657 1022 699 verbis
1064 657 1240 713 quidem
1281 666 1325 700 et
1355 659 1420 700 di-

52 717 271 760 ctionibus
312 716 466 759 alienis
509 716 770 759 abstineant.
842 714 933 757 Sed
976 714 1148 771 Legum
1200 715 1418 769 conditor,

48 775 135 817 -hoc
166 780 235 821 est
263 773 416 826 Plato,
459 773 629 828 qualem
670 787 716 815 se
758 773 802 814 in
836 772 917 814 hac
947 786 1104 814 caussa
1134 773 1417 829 praestiterit,

51 830 96 873 id
137 830 487 873 luculentissimo
529 829 727 885 exemplo
770 829 1056 886 cognoscitur
1096 843 1120 871 e
1163 829 1304 871 Libro
1336 828 1417 871 IV.

50 905 80 945 p
126 890 223 930 713.
255 887 294 928 B
323 911 378 918 -—
410 887 463 929 E.
495 887 570 930 ubi
606 886 831 929 civitatum
864 886 1110 928 rectoribus
1127 887 1281 941 ‘atque
1311 886 1418 942 ipsis

50 945 219 988 civibus
269 943 464 986 Saturnii
506 944 632 1001 regni
671 943 1010 1000 exemplumrob
1040 942 1193 986 oculos
1223 944 1418 1000 ponitur.

52 1002 120 1045 Ibi
160 1002 275 1044 enim
310 1002 395 1044 etsi
435 1002 575 1043 utitur
625 999 778 1043 eadem
826 1001 916 1043 fere
966 1000 1238 1050 narratione,
1288 1016 1418 1056 quam

51 1059 181 1100 etiam
220 1057 391 1100 Politia.
432 1074 476 1123 p.
517 1059 614 1100 269.
647 1057 700 1102 C.
731 1073 826 1113 sqq.
870 1058 1099 1114 exposuit,
1143 1069 1287 1099 tamen
1322 1065 1416 1100 tota

49 1116 202 1158 fabula
228 1122 274 1157 et
304 1115 359 1157 ad
391 1115 523 1156 alium
564 1114 695 1156 finem
727 1116 914 1157 refertur
945 1121 991 1156 et
1020 1129 1072 1156 eo
1103 1113 1232 1156 modo
1261 1115 1416 1157 immu-

50 1179 144 1214 tata
193 1172 377 1229 legitur,
430 1178 479 1213 ut
520 1171 649 1228 plane
698 1187 814 1214 nova
851 1171 1052 1213 extitisse
1095 1171 1323 1223 videatur3
1362 1171 1418 1213 de

51 1245 139 1285 qua
178 1244 224 1272 re
263 1229 463 1271 videmur
503 1229 588 1270 alio
635 1229 733 1271 loco
773 1229 834 1270 ita
865 1227 1184 1284 disputavisse,
1238 1238 1287 1270 ut
1329 1243 1415 1270 non

51 1288 137 1328 iam
167 1301 280 1343 opus
310 1287 368 1329 sit
397 1301 514 1328 nova
543 1291 901 1342 argumentorum
934 1285 1276 1327 confirmatione.
1323 1285 1414 1327 Iam

51 1358 155 1385 vero
194 1343 303 1385 haec
341 1344 377 1386 si
419 1357 521 1384 vere
564 1358 590 1384 a
628 1343 754 1385 nobis
797 1341 1100 1385 animadversa
1126 1349 1270 1396 sunt,
1310 1343 1417 1398 quid

51 1399 228 1442 tandem
260 1399 314 1442 de
346 1406 440 1441 tota
472 1399 554 1441 hac
584 1413 756 1453 caussa,
788 1414 900 1455 quae
938 1399 1098 1454 agitur,
1131 1398 1414 1442 iudicandum

53 1456 165 1499 erit?
227 1456 439 1499 Nimirum
486 1456 640 1513 paucis
683 1456 829 1498 dicere
861 1456 1012 1498 licebit
1045 1455 1150 1511 quid
1193 1456 1320 1499 nobis
1351 1457 1416 1498 vi-

37 1513 219 1564 deatur.
302 1513 472 1555 Etenim
514 1529 671 1570 magna
722 1513 796 1555 illa
845 1513 1142 1569 exemplorum
1192 1514 1319 1570 copia
1374 1522 1413 1555 et

53 1570 286 1613 multitudo
357 1570 413 1612 ad
463 1570 660 1612 alendam
725 1570 1154 1625 confirmandamque
1213 1572 1416 1614 sinistrae

51 1627 308 1670 imitationis
353 1627 644 1684 suspicionem
687 1634 915 1670 contracta
954 1643 1008 1670 ne
1046 1627 1264 1670 tantillum
1318 1629 1414 1683 qui-

53 1683 149 1726 dem
191 1700 243 1727 eo
274 1684 417 1726 valere
448 1684 740 1726 existimanda
770 1690 861 1738 est,
903 1691 951 1726 ut
990 1684 1044 1727 de
1075 1685 1220 1740 operis
1253 1685 1341 1728 fide
1372 1695 1415 1727 ct

52 1741 308 1784 auctoritate
338 1741 626 1784 dubitandum
669 1741 740 1784 sit.
801 1742 895 1784 Imo
925 1749 1072 1784 manet
1102 1742 1229 1784 Plato
1262 1750 1412 1785 nostro

52 1797 216 1841 iudicio
247 1799 480 1840 etiamnum
511 1799 555 1840 in
589 1799 778 1841 statione
811 1813 904 1851 sua,
939 1809 989 1841 ut
1019 1799 1093 1854 qui
1119 1799 1215 1841 istis
1248 1801 1414 1856 captio-

16 1902 22 1908 ·
53 1869 127 1896 sae
165 1854 417 1897 dialectices
456 1855 625 1909 laqueis
664 1856 840 1898 minime
879 1856 936 1898 sit
977 1857 1303 1899 circumventus
1340 1862 1413 1899 aut

54 1911 173 1953 humi
203 1917 467 1967 prostratus.

172 1967 260 2011 Sed
291 1969 465 2010 tertium
498 1967 628 2009 etiam
653 1969 694 2009 in
719 1967 907 2010 medium
939 1967 1118 2010 affertur
1156 1970 1412 2012 imitationis

53 2039 205 2081 genus,
238 2024 354 2067 unde
384 2024 587 2080 scriptori
620 2025 730 2066 mala
762 2024 979 2067 confletur
998 2026 1175 2070 invidia.
1235 2027 1409 2069 Etenim

55 2081 159 2123 illud
201 2097 376 2137 quoque
428 2081 692 2124 Zellerus
734 2082 761 2125 l.
803 2098 838 2125 c.
882 2098 921 2138 p.
968 2084 1056 2124 106.
1097 2099 1193 2140 sqq.
1240 2085 1408 2141 Legum

55 2139 219 2180 auctori
252 2139 358 2181 vitio
390 2138 536 2184 vertit,
569 2138 686 2192 quod
719 2155 804 2181 non
839 2154 924 2180 uuo
956 2139 1052 2181 loco
1076 2141 1264 2184 illustria
1296 2143 1410 2184 «licta

54 2195 395 2251 splendidasque
444 2196 710 2249 sententias,
752 2211 862 2250 quae
901 2196 1005 2238 alibi
1037 2205 1136 2254 apte
1172 2199 1412 2255 eleganter-

55 2267 138 2307 que
179 2259 469 2308 usurpentur,
515 2267 721 2308 perquam
755 2253 927 2295 sinistre
960 2261 1001 2294 et
1031 2255 1204 2298 inflecte
1236 2256 1293 2298 ad
1324 2273 1414 2298 rem

55 2323 175 2351 suam
214 2309 458 2351 traduxerit
496 2317 540 2350 et
582 2308 842 2352 adhibuerit.
920 2309 1052 2363 Quod
1102 2312 1277 2368 quidem
1321 2329 1412 2355 ccr-

55 2365 223 2409 tissimo
268 2373 525 2422 argumento
566 2366 626 2407 ait
667 2381 788 2420 esse,
836 2373 1055 2410 auctorem
1098 2370 1244 2426 operis
1276 2371 1413 2412 fuisse

57 2421 269 2464 hominem
290 2423 454 2465 fatuum
481 2430 523 2464 et
556 2423 766 2479 ineptum,
792 2424 864 2478 qui
898 2424 1026 2468 bonis
1058 2442 1082 2467 a
1115 2427 1299 2469 Platone
1330 2428 1410 2469 sibi

57 2479 343 2534 suppeditatis
382 2480 446 2521 uti
488 2480 735 2524 nesciverit.
813 2479 913 2533 Quo
953 2483 1125 2524 nominc
1168 2490 1292 2526 notat
1335 2484 1414 2525 hos

58 2535 202 2577 locos:
237 2536 356 2579 Libr.
388 2536 423 2578 I.
457 2552 498 2591 p.
532 2539 627 2579 (54⁶2.
661 2537 709 2579 C.
747 2537 800 2578 D.
835 2540 929 2580 644.
963 2539 1012 2580 C.
1048 2540 1131 2581 ΙΙΙ.
1167 2557 1206 2595 p.
1241 2543 1337 2581 ⁴390.
1360 2540 1412 2583 E.

59 2591 113 2631 V.
155 2608 194 2647 p.
239 2594 332 2635 73²2.
374 2593 422 2635 B.
463 2593 512 2634 C.
547 2594 626 2636 Vl.
671 2611 710 2650 p.
759 2597 851 2635 751.
899 2595 1082 2651 B.„7;'›2.
1127 2599 1179 2639 A.
1224 2600 1318 2640 77⁶2.
1361 2597 1412 2639 Ε.

59 2647 164 2689 Xll.
207 2665 245 2704 p.
287 2651 383 2691 963.
429 2651 482 2691 D.
519 2650 603 2691 Ill.
649 2667 688 2706 p.
730 2652 910 2708 684„st
945 2653 997 2693 V.
1032 2670 1070 2708 p.
1109 2657 1200 2696 7:54.
1232 2655 1282 2696 E.
1316 2670 1410 2709 sqq.
