1644 2886
229 85 285 126 8ss

719 80 799 120 PL
817 77 1090 121 ATONIS

233 201 330 254 μῆς,
352 196 402 240 τὸ
440 199 536 238 τίνα
575 193 753 247 τρόπον.
790 195 926 244 δῆλον
963 193 1015 247 δὴ
1053 184 1105 235 τὰ
1144 191 1307 236 δώδεκα
1343 198 1449 249 μέρη
1482 194 1570 235 τῶν

234 262 356 313 ἐντὸς
392 261 533 303 αὐτοῦ
571 261 773 309 πλείστας
797 262 955 315 ἔχοντα
978 257 1205 314 διανομάς,
1224 260 1295 300 καὶ
1317 257 1369 300 τὰ
1396 257 1569 308 τούτοις
1622 295 1626 314 s.

233 327 500 381 ξυνεπόμενα
537 327 607 368 καὶ
643 330 687 367 ἐκ
722 324 890 368 τούτων
924 324 1182 379 γεννώμενα,
1201 328 1320 378 μέχρι
1356 325 1443 366 τῶν
1478 340 1567 367 τετ-

236 390 492 448 ταράκοντά
542 407 583 435 τε
635 394 705 434 καὶ
759 393 1133 451 πεντακιςχιλίων·

1180 389 1295 432 ὅθεν
1349 393 1568 447 φρατρίας

236 462 306 500 καὶ
350 455 513 511 δήμους
555 459 623 498 καὶ
674 457 841 510 κώμας,
876 453 948 499 mil
993 454 1103 510 πρός
1136 473 1180 508 γε
1219 453 1297 505 τὰς
1332 454 1567 509 πολεμικὰς

323 630 407 672 Cap.
434 629 531 661 XVI.

581 626 692 660 ὅθεν
725 629 955 684 φρατριας]
1002 628 1038 660 V.
1070 629 1223 682 φατρίας.

1278 626 1491 658 Mutavimus
1524 636 1563 657 ex

234 677 277 707 A
306 680 340 707 et
363 675 443 707 Bas.
468 675 501 708 2
550 674 632 707 Mox
655 685 716 716 pro
741 670 877 716 ἀγωγάς
901 675 944 706 A.
969 673 1010 705 B.
1037 684 1126 706 corr.
1151 669 1294 714 &yon-,as

324 721 364 752 E.
414 718 546 759 νόμον
584 717 842 760 διατάττειν]
885 718 1008 750 τάττειν
1048 721 1086 751 A.
1126 716 1163 750 Ω.
1197 729 1229 749 ν
1262 718 1297 748 h.
1330 726 1359 747 r.
1388 720 1422 747 et
1449 726 1501 756 pr.
1532 726 1564 748 a.

232 765 433 799 Sententiae
459 765 722 798 convenientius
748 771 800 797 est
827 763 1018 802 διατάττειν,
1045 765 1139 805 quod
1163 774 1222 795 cur
1248 763 1358 794 critici
1382 762 1417 792 in
1443 758 1566 793 τάττειν

278 915 322 950 τὸ
350 920 439 950 τίνα
467 918 634 961 τρόπον,
661 918 787 960 δῆλον
814 917 862 960 δὴ

233 962 275 995 τὰ
307 962 471 996 δώδεκα
497 965 559 1005 -]
592 966 706 996 Locus
738 975 862 1006 prope-

230 1010 370 1041 modum
412 1011 631 1050 desperams,
663 1011 717 1040 eui
748 1016 862 1041 tamen

231 1051 389 1086 videm'ur
414 1056 631 1087 coniecturae
650 1066 716 1096 ope
734 1056 862 1098 mederi

228 1110 342 1140 posse.
396 1100 443 1130 Et
474 1101 577 1140 vulgo
608 1101 747 1141 quidem
778 1101 863 1133 haec

229 1145 346 1176 omnia
369 1155 438 1176 uuo
463 1150 584 1176 tenore
607 1146 770 1186 leguntur
796 1146 863 1178 sic.

230 1187 267 1221 τὸ
312 1190 384 1220 τίνα
420 1189 551 1229 τρόπον
595 1189 698 1246 δῆλοτ
746 1188 787 1231 δὴ
825 1187 863 1221 τὰ

229 1232 360 1266 δώδεκα
396 1234 478 1276 μέρη
520 1246 584 1266 των
618 1233 715 1267 ἐντὸς
753 1232 864 1267 αὐτοῦ

228 1280 382 1311 πλείστας
405 1279 524 1320 τ”χοντα
549 1278 722 1320 διανομὰς,
742 1292 770 1311 κ
793 1292 819 1312 τ.
835 1281 860 1311 λ.

227 1324 324 1363 Quae
359 1335 460 1366 quam
502 1326 666 1363 obscura,
695 1327 862 1368 perplexa

226 1368 329 1412 atque
365 1370 512 1402 confusa
549 1372 662 1403 oratio
701 1372 766 1411 sit,
803 1372 860 1402 vix

225 1416 350 1447 attinet
372 1415 629 1456 demonstrare,
657 1417 860 1458 praesertim

225 1471 347 1502 quum,
379 1471 468 1501 quae
505 1461 551 1492 sit
589 1462 774 1494 verborum
803 1470 860 1493 eo-

224 1506 422 1546 haerentia,
446 1506 549 1547 plane
583 1517 652 1538 non
685 1511 860 1548 appareat.

226 1550 364 1583 vax-tem
433 1551 650 1583 difficultatis
720 1553 861 1584 sustulit

224 1597 406 1636 Astius,
431 1602 558 1636 puncto
583 1601 662 1638 post
688 1597 759 1628 τίνα
784 1593 860 1638 τρό-

223 1650 291 1671 πον
314 1643 439 1681 posito.
484 1640 560 1673 Sed
590 1642 766 1682 quomodo
792 1642 859 1673 hoc

222 1687 334 1727 ipsum
381 1686 548 1727 explicari
598 1692 657 1718 aut
698 1687 858 1727 proxima

209 1731 403 1772 explanari
427 1731 616 1771 deberent,
640 1732 677 1763 id
701 1733 760 1764 ille
786 1742 856 1763 non

221 1775 386 1808 ostendit.
447 1774 538 1807 Nam
585 1777 699 1817 quod
718 1777 857 1817 scripsit

220 1822 405 1862 participia
442 1831 518 1852 esse
565 1832 628 1862 pro
671 1822 855 1853 infinitivis

221 1868 336 1907 posita
357 1871 390 1897 et
406 1876 469 1907 pro
486 1861 596 1897 αὐτοῦ
610 1867 734 1910 refingi
751 1877 855 1907 opor-

220 1916 293 1943 tere
319 1923 441 1948 avzcur,
466 1911 500 1942 id
528 1912 627 1943 nihili
653 1918 721 1951 est,
748 1913 854 1953 siqui-

219 1957 296 1988 dem
323 1967 384 1988 nec
413 1961 526 1998 patet,
554 1967 719 1998 quorsum
745 1954 855 1989 αὐτων

218 2002 330 2043 istud,
356 2003 450 2044 quod
480 2003 602 2042 reponi
635 2003 752 2043 iussit,
777 2013 854 2045 per-

217 2047 338 2086 tineat,
363 2058 426 2079 nec
450 2048 635 2088 participia
658 2052 738 2088 post
751 2046 854 2089 δῆλον

219 2089 261 2132 δὴ
297 2102 360 2132 pro
398 2093 579 2124 infinitivis
623 2094 736 2133 posita
778 2104 853 2124 esse

217 2141 375 2178 possunt.
429 2132 618 2169 Ordiamur
655 2139 762 2178 igitur
809 2139 852 2169 ab

216 2183 506 2228 interpretatione
543 2182 726 2214 verborum
756 2188 852 2214 ante-

218 2237 436 2268 gressorum‚
462 2228 571 2259 cuius
586 2225 718 2268 partem
746 2229 850 2262 modo

216 2271 498 2313 profligavimus,
530 2273 643 2307 verbis
686 2271 765 2312 μετὰ
792 2271 852 2315 τὴν

215 2315 322 2357 δοξαν
347 2336 387 2340 ἡ
414 2315 488 2348 διαι
483 2318 578 2359 ομῆς
603 2317 763 2350 subtilius
789 2329 847 2350 ex-

215 2363 375 2404 planatis.
410 2362 477 2393 Hic
502 2373 583 2394 vero
609 2364 718 2395 teneri
746 2356 849 2395 debet

212 2408 492 2461 diligentissime,
507 2404 598 2440 τοῦτ’
621 2406 706 2440 αὐτὸ
727 2410 849 2441 referri

211 2453 256 2485 ad
283 2451 319 2485 τὸ
345 2449 623 2494 ὁμολογούμενον
656 2450 739 2491 αὐτο
765 2454 843 2486 ἑαυ-

212 2498 273 2540 τῷ,
306 2500 409 2530 ,cuius
455 2498 560 2530 modo
599 2494 727 2531 iniecta
772 2504 846 2531 erat

211 2544 351 2576 mentio.
402 2542 596 2586 *Quocirca
644 2545 749 2576 verba
795 2545 844 2576 sic

209 2588 411 2630 accipienda
434 2592 532 2620 sunt:
553 2588 680 2621 Nune
707 2590 843 2631 igitur

210 2634 287 2665 hoc
310 2631 446 2674 ipsum
471 2638 634 2676 promta
667 2639 840 2675 parata-

872 2640 1060 2670 'untur‚

931 930 1007 960 que
1029 920 1257 952 voluntate
1278 916 1562 958 spectandum

931 970 1014 1004 est,
1065 970 1348 1006 posteaquam
1395 962 1564 1002 placuit

931 1011 1159 1042 civitatem
1229 1011 1270 1041 in
1342 1008 1563 1039 duodecim

930 1060 1075 1096 partes
1124 1055 1414 1091 distribuere,
1463 1061 1562 1093 quo-.

930 1101 1056 1132 modo
1108 1100 1232 1131 effici
1289 1099 1446 1130 debeat
1498 1096 1562 1128 vel

930 1147 1076 1186 possit
1104 1147 1185 1185 sic,
1210 1149 1253 1176 ut
1283 1145 1391 1175 idem
1415 1143 1456 1173 in
1486 1152 1562 1173 usu

930 1200 1203 1222 numerorum
1238 1196 1469 1228 rerumque
1505 1188 1562 1218 in—

929 1236 977 1267 de
1008 1245 1314 1277 suspensurum
1345 1236 1562 1264 cernatur.

929 1281 1067 1312 Etenim
1110 1281 1285 1320 significat
1323 1278 1563 1317 Atheniensis,

927 1326 1014 1357 illud
1054 1327 1166 1366 ipsum
1207 1323 1244 1356 τὸ
1286 1321 1562 1364 ὁμολογούμενον

929 1372 1032 1402 etiam
1074 1372 1119 1402 in‘
1140 1371 1285 1412 -reliquo
1327 1378 1391 1400 usu
1426 1369 1562 1399 numeri

927 1417 1048 1455 istius,
1084 1426 1153 1457 quo
1189 1416 1224 1447 in
1258 1415 1352 1456 agris
1391 1417 1426 1445 et
1459 1414 1561 1445 bonis

928 1460 1126 1492 dividendis
1142 1462 1195 1492 usi
1211 1464 1321 1498 erant,
1338 1457 1560 1499 conspicuum

927 1516 1002 1538 esse
1034 1511 1208 1547 oportere.
1264 1507 1381 1545 Atque
1412 1504 1498 1535 haec
1530 1504 1560 1535 si

929 1562 1009 1583 vere
1034 1552 1285 1590 iudicavimus,
1320 1549 1422 1581 facile
1450 1550 1560 1580 lucem

928 1607 1025 1629 suam
1056 1597 1308 1638 recuperabunt
1344 1596 1446 1626 etiam
1477 1603 1559 1625 con-

926 1643 1120 1682 sequentia,
1134 1652 1221 1683 quae
1240 1645 1354 1672 tamen
1380 1649 1559 1670 censemus

926 1687 1038 1718 foedis
1058 1688 1201 1719 maculis
1220 1696 1295 1717 esse
1310 1686 1559 1724 contaminata,

926 1732 1214 1787 quandoquidem
1223 1740 1286 1762 nec
1300 1730 1389 1764 ratio
1409 1734 1444 1760 et
1459 1739 1558 1762 caus-

925 1787 963 1809 sa
989 1778 1164 1818 participii
1197 1777 1311 1816 ἔχοντα
1342 1775 1558 1815 intelligitur,

925 1832 987 1854 nec
1012 1819 1120 1853 αυτοῦ
1144 1822 1247 1853 habet
1280 1823 1447 1861 quorsum
1471 1820 1559 1851 refe-

923 1871 1029 1898 ratur.
1080 1867 1250 1898 Nimirum
1283 1876 1347 1906 pro
1374 1863 1476 1906 δῆλον
1500 1871 1559 1896 aut

924 1910 1023 1953 δηλοῖ
1043 1918 1103 1943 aut
1128 1911 1210 1954 δῆλα
1233 1910 1467 1964 reponendum
1494 1915 1557 1951 est,

921 1968 985 1998 pio
1011 1954 1122 1989 αὐτοῦ
1146 1968 1227 1992 vero
1255 1958 1331 1988 sine
1357 1956 1426 1986 ulla
1454 1956 1553 1987 dubi-

921 2004 1053 2035 tatione
1080 2004 1184 2035 scribi
1209 2006 1348 2042 oportet
1373 1995 1426 2031 αὖ.
1472 1999 1556 2039 Qui·

921 2048 986 2079 bus
1012 2047 1311 2080 emendationibus
1342 2046 1443 2077 factis
1473 2050 1555 2089 pro-

921 2098 1019 2125 tenus
1056 2094 1175 2125 existit
1210 2101 1330 2124 sensus
1370 2091 1554 2123 verborum

919 2139 1131 2180 aptissimus.
1167 2133 1448 2178 interpretandus
1463 2137 1554 2168 enim

918 2185 1015 2215 locus
1040 2189 1092 2216 est
1117 2184 1207 2215 hunc
1233 2183 1266 2213 in
1293 2183 1449 2213 modum:
1475 2192 1554 2214 ma-

918 2229 1125 2260 nifestum
1154 2231 1221 2259 est
1261 2228 1417 2267 igitur,
1453 2227 1551 2258 duo-

918 2275 1056 2306 decim
1085 2273 1190 2305 illas
1216 2277 1368 2313 partes
1395 2273 1552 2312 (quasin

915 2321 1007 2359 agris
1033 2320 1236 2360 civibusque
1262 2316 1464 2348 dividundis
1491 2318 1551 2349 ad-

915 2365 1102 2402 hibuimus)
1142 2373 1298 2395 rursus
1338 2363 1551 2403 plurimas

914 2406 1075 2441 habere
1106 2409 1362 2440 divisiones
1389 2417 1552 2446 eorum,

912 2465 1017 2495 quae
1049 2455 1168 2486 intus
1207 2455 1248 2485 in
1287 2463 1328 2484 se
1361 2463 1549 2493 compre-

912 2494 1120 2538 hendunt,
1158 2504 1290 2540 atque
1338 2508 1403 2536 ea,
1443 2508 1550 2539 quae

911 2554 1001 2576 cum
1039 2545 1105 2576 his
1150 2549 1247 2576 sunt
1291 2542 1548 2582 coniuncta,

910 2589 1170 2631 pariterque
1195 2598 1308 2630 quae
1339 2587 1440 2625 inde
1466 2589 1550 2619 ori-

1120 2636 1242 2673 item,
1301 2640 1438 2673 usque
1500 2634 1548 2665 ad

1634 1960 1644 1973 vr

1594 1978 1608 1993 ο

1627 2415 1629 2441 Ι

1642 1699 1644 1720 ,

1630 2479 1635 2576 ἔ
