1644 2886
253 98 359 139 LVI
665 98 1138 141 PROLEGOMENA

255 208 501 262 certiusque
540 209 732 263 expediri
772 207 965 263 possint,
1007 208 1355 262 quandoquidem
1385 210 1587 253 iudicium

255 262 308 304 de
339 277 421 305 usu
450 265 716 320 singulorum
746 262 975 305 verborum
1004 269 1049 304 et
1077 263 1283 317 loquendi
1312 265 1587 314 formularum

256 317 396 371 deque
427 319 741 360 enuntiatorum
771 333 822 359 ac
852 318 1127 374 periodorum
1155 325 1372 360 structura
1402 326 1446 362 et
1474 336 1588 363 com-

255 374 469 428 positione
517 389 715 429 magnam
762 381 926 428 partem
974 373 1073 415 inde
1120 389 1374 429 suspensum
1413 385 1501 429 est,
1541 383 1591 418 ut

256 429 445 470 universi
487 427 659 470 dicendi
697 429 866 485 generis
905 436 1123 484 tamquam
1162 430 1345 484 speciem
1378 432 1589 485 quandam

257 483 409 524 animis
457 483 728 526 informatam
779 491 1014 528 teneamus.
1081 486 1234 539 Itaque
1269 501 1382 528 nunc
1425 487 1479 528 ad
1519 503 1590 529 ex-

258 538 490 592 plorandas
521 540 787 597 singulorum
820 541 1045 582 verborum
1064 547 1105 582 et
1129 542 1424 583 universorum
1457 559 1589 585 enun-

259 593 460 634 tiatorum
492 610 613 637 usum
643 596 928 652 aggredimur.

748 930 868 1005 Cap.
915 928 1082 987 XVffl.

263 1045 538 1083 nissen-ntur
570 1049 632 1084 de
677 1047 872 1085 dicendi
916 1058 1098 1095 genere
1135 1049 1346 1094 Legibus
1393 1050 1596 1094 proprio

454 1104 656 1149 singulis
684 1105 790 1141 eius
814 1106 1039 1150 partibus
1064 1103 1411 1140 consideratis.

373 1202 551 1244 Nullum
580 1204 705 1246 facile
733 1204 902 1261 signum
943 1211 987 1247 et
1014 1211 1312 1260 argumentum
1355 1211 1444 1258 est,
1485 1205 1598 1247 unde

263 1255 315 1298 de
353 1258 628 1312 antiquorum
667 1275 847 1315 operum
896 1259 982 1303 fide
1032 1269 1076 1302 et
1131 1261 1390 1303 auctoritate
1439 1261 1598 1303 certius

263 1319 482 1367 repetatur
518 1314 748 1368 iudicium,
789 1331 917 1370 quam
955 1316 1074 1371 quod
1112 1317 1302 1358 cernitur
1340 1317 1385 1358 in
1424 1331 1507 1357 usu
1534 1317 1597 1358 lo-

264 1369 437 1422 quendi.
498 1368 586 1423 Qui
615 1372 653 1411 si
692 1378 759 1412 est
795 1377 963 1425 rectus,
1011 1387 1175 1426 purus,
1216 1378 1386 1425 castus,
1427 1378 1470 1412 et
1501 1387 1598 1413 cum

263 1438 382 1465 more
412 1424 504 1466 eius
541 1425 779 1480 scriptoris,
811 1427 880 1468 cui
920 1427 1127 1482 scriptum
1159 1427 1334 1482 aliquod
1381 1427 1597 1480 tribuitur,

263 1479 374 1520 bene
412 1481 694 1530 conveniens,
734 1482 840 1523 nihil
877 1482 951 1524 illo
991 1483 1172 1537 reperiri
1207 1489 1366 1538 potest,
1398 1482 1516 1536 quod
1545 1483 1599 1524 ad

265 1533 395 1582 fidem
442 1535 679 1578 faciendam
717 1537 813 1592 plus
858 1538 1021 1589 valeat3
1083 1538 1151 1580 sin
1199 1544 1340 1580 autem
1388 1544 1454 1580 est
1491 1538 1599 1580 male

265 1589 417 1643 fictus,
459 1591 692 1634 artificiose
732 1594 952 1647 quaesitus
981 1600 1024 1635 et
1052 1594 1294 1647 affectatus,
1328 1594 1515 1648 denique
1545 1594 1599 1636 ab

266 1646 359 1686 eius
396 1647 640 1701 scriptoris,
678 1649 800 1690 cuius
839 1664 933 1691 esse
975 1656 1176 1704 putatur,
1217 1655 1307 1691 arte
1349 1656 1392 1691 et
1432 1650 1597 1691 ratione

267 1700 469 1754 alienior,
512 1717 818 1758 saepenumero
856 1720 942 1746 una
981 1705 1136 1747 vocula
1173 1705 1345 1746 sinistre
1381 1711 1599 1759 usurpata,

264 1770 399 1798 unum
437 1758 614 1800 verbum
657 1774 788 1815 prave
827 1761 1039 1815 positum,
1094 1775 1180 1801 una
1218 1761 1416 1802 vocabuli
1465 1761 1601 1802 forma

268 1825 318 1854 ac
354 1813 523 1865 species
562 1821 732 1869 praeter
776 1816 929 1857 aetatis
969 1831 1128 1857 morem
1168 1822 1210 1856 et
1249 1815 1601 1858 consuetudinem

267 1865 482 1916 adhibita,
519 1884 652 1912 unum
690 1871 842 1912 vitium
881 1878 1031 1912 contra
1069 1878 1233 1913 rectum
1264 1878 1504 1925 temporum
1533 1872 1601 1913 vel

268 1921 489 1964 modorum
545 1926 753 1968 rationem
813 1927 1065 1982 praesertim
1113 1927 1302 1968 crebrius
1367 1927 1600 1969 admissum

268 1978 370 2019 satis
408 1986 474 2020 est
503 1979 556 2020 ad
587 1981 849 2037 arguendam
878 1982 1084 2035 fraudem,
1105 1983 1142 2024 si
1177 1998 1263 2036 qua
1291 1984 1335 2024 in
1364 1998 1492 2036 opere
1523 1983 1600 2023 ali-

269 2047 355 2087 quo
397 2035 475 2076 sub
516 2035 625 2078 falso
662 2037 834 2078 nomine
873 2037 1098 2093 prodendo
1135 2037 1321 2080 admissa
1357 2042 1423 2082 sit.
1500 2037 1599 2090 Quo

269 2087 506 2131 studiosius
547 2092 671 2134 nobis
711 2092 793 2134 hoc
835 2094 916 2134 erit
955 2093 1191 2150 agendum,
1221 2100 1270 2135 ut
1298 2093 1402 2148 quid
1432 2093 1485 2135 de
1515 2095 1600 2136 Le-

269 2142 397 2198 gibus
436 2159 487 2186 eo
527 2147 697 2188 nomine
739 2148 976 2190 existimari
1005 2155 1223 2203 oporteat,
1254 2150 1497 2191 accuratius
1528 2165 1601 2191 ex-

269 2198 474 2252 quiratur.
546 2200 645 2254 Qua
671 2202 715 2243 in
754 2218 800 2244 re
829 2204 889 2245 ita
918 2205 1203 2257 versabimur,
1234 2210 1282 2246 ut
1309 2204 1433 2246 initio
1468 2220 1597 2260 quae-

270 2253 421 2296 stionis
459 2270 484 2296 a
523 2257 791 2312 singulorum
833 2260 1058 2302 verborum
1096 2275 1202 2312 usu,
1253 2260 1326 2313 qui
1375 2268 1600 2315 suspectus

270 2309 388 2351 visus
427 2315 518 2364 est,
557 2312 672 2354 sacto
699 2312 855 2356 deinde
887 2322 1153 2358 transeamus
1181 2314 1236 2355 ad
1266 2315 1600 2359 considerandas

270 2365 546 2419 loquutiones
576 2374 706 2422 atque
733 2369 936 2413 formulas
967 2386 1020 2412 ex
1048 2370 1227 2426 singulis
1257 2372 1400 2413 verbis
1429 2386 1600 2426 compo-

271 2420 400 2474 sitas,
440 2436 549 2476 quae
586 2424 746 2469 criticis
787 2426 1025 2468 iniecerunt
1070 2426 1385 2476 dubitationes3
1433 2427 1485 2468 ab
1533 2428 1598 2468 his

271 2481 412 2517 autem
442 2478 808 2534 transgrediemur
829 2481 1013 2536 denique
1034 2480 1089 2522 ad
1110 2481 1393 2535 explorandas
1414 2482 1600 2525 rationes

271 2531 534 2586 integrarum
571 2535 881 2578 sententiarum
909 2552 959 2579 ac
988 2536 1282 2591 periodorum,
1314 2537 1524 2591 siquidem
1557 2539 1598 2578 in

270 2585 322 2627 iis
353 2587 488 2629 visum
530 2589 660 2632 {uerit
704 2591 867 2645 aliquid
896 2592 1112 2648 singulare
1142 2591 1306 2644 inesse,
1354 2592 1471 2645 quod
1502 2609 1598 2648 pos-
