1644 2886
470 94 556 138 DE
587 92 868 138 LEGIBUS
899 101 982 138 etc.
1229 92 1409 135 LXXV

40 214 250 252 memorat
292 209 347 252 A.
388 208 674 252 Matthiae
714 207 794 252 Gr.
834 206 914 252 Gr.
954 208 992 265 ξ.
1035 209 1151 260 429.,
1183 207 1410 263 copiosius

39 273 337 323 exposuerunt
374 266 506 311 etiam
543 266 618 309 Po
630 281 737 323 ppo
784 265 990 323 Prolegg.
1031 264 1088 307 ad
1127 263 1330 322 Thucyd.
1362 279 1408 319 p.

40 325 137 367 256.
165 323 424 379 interpretes
455 323 723 380 tragicorum
752 322 1026 365 Graecorum
1055 337 1144 364 non
1173 337 1262 364 uno
1292 322 1409 375 loco,

40 379 371 438 Bernhardy
414 380 600 438 Syntax.
646 379 726 424 Gr.
765 396 807 436 p·
845 382 900 422 45
939 394 1038 434 sqq.
1079 380 1133 422 53
1173 393 1270 434 sqq.
1312 378 1410 434 qui-

40 437 223 480 buscum
266 440 504 493 componas
547 452 660 493 quae
703 437 908 493 exposuit
950 435 1110 480 Ferd.
1146 436 1266 486 Han
1282 434 1410 477 dius

42 494 111 537 De
141 493 254 536 Stilo
279 494 379 536 Lat.
411 510 453 550 p.
477 495 570 538 164.
602 495 838 536 Praeterea
856 508 961 536 vero
985 493 1116 536 etiam
1142 493 1236 535 iure
1256 498 1410 535 nostro

40 550 240 593 videmur
277 550 542 594 contendere
586 558 630 593 et
677 551 919 604 affirmare,
973 549 1158 592 eundem
1204 549 1327 591 illum
1363 549 1410 591 in

40 608 164 651 libris
198 609 367 665 Legum
397 615 488 650 tam
517 609 741 664 sapienter
770 622 865 649 esse
895 613 1207 663 temperatum,
1240 613 1291 648 ut
1321 621 1411 648 non

39 664 171 707 modo
193 665 301 707 nihil
331 664 570 720 quidquam
600 664 777 719 habeat,
810 663 928 719 quod
958 664 1121 706 referat
1151 663 1410 719 posterioris

41 723 194 764 aetatis
233 721 316 765 hoc
353 723 398 764 in
438 737 598 778 genere
637 736 769 777 saepe
809 721 939 762 nimis
981 720 1318 762 declamatoriae
1357 719 1411 761 li-

40 780 251 831 centiam,
294 793 442 820 verum
483 779 613 820 etiam
652 778 782 834 plane
822 777 1088 834 respondeat
1126 776 1298 834 legibus
1343 776 1410 818 di-

41 835 169 879 cendi
207 843 340 891 atque
380 835 602 879 scribendi
644 836 698 878 ab
731 835 907 890 optimis
935 835 1186 890 quibusque
1216 833 1411 876 melioris

41 892 196 936 aetatis
234 893 522 949 scriptoribus
561 892 795 949 diligenter
831 891 1087 934 observatis.
1147 891 1279 933 Certe
1313 891 1409 945 qui·
1462 935 1465 937 ,

40 948 138 992 dem
177 949 285 991 nihil
325 949 409 992 tale
443 950 659 1006 reperias,
703 949 830 1005 quale
870 956 939 991 est
982 947 1091 991 illud
1122 947 1240 1005 apud
1270 947 1410 990 Cur-

40 1007 179 1049 tium.
210 1006 279 1049 De
303 1006 432 1049 rebus
461 1007 590 1050 Alex.
619 1008 683 1050 M.
705 1007 844 1049 VLfJ.
876 1021 1107 1062 quorum
1138 1006 1270 1048 urbs
1313 1005 1410 1047 ob-

41 1079 197 1106 sessa
225 1070 349 1106 erat
379 1080 405 1106 a
434 1064 788 1118 defectione,
819 1063 862 1106 h.
887 1079 924 1106 e.
957 1078 984 1105 a
1010 1063 1210 1119 partibus
1239 1077 1408 1115 eorum,

42 1121 117 1176 qui
157 1120 446 1172 defecissent3
494 1120 610 1163 unde
657 1122 751 1163 iure
783 1119 1006 1176 quondam
1051 1119 1410 1163 Niebuhrius

40 1178 337 1221 coniecturam
378 1177 432 1220 de
471 1185 614 1220 aetate
654 1177 795 1220 Curtii
842 1178 1083 1234 posteriore
1124 1177 1223 1232 capi
1273 1191 1409 1232 posse

41 1235 229 1278 censuit,
302 1234 478 1276 Etenim
518 1235 681 1291 prioris
713 1234 889 1290 quidem
920 1234 1095 1292 generis
1127 1233 1304 1276 nomina
1332 1234 1408 1276 ab·

6 1299 233 1345 'stracta,
273 1306 384 1346 quae
426 1292 608 1334 aliorum
659 1293 880 1334 nominum
921 1291 1295 1335 substantivorum
1337 1306 1411 1333 eo-

41 1364 226 1403 rumque
265 1357 568 1391 concretorum
599 1349 769 1392 vicibus
799 1349 1068 1406 funguntur,
1100 1348 1248 1391 omnia
1277 1353 1410 1403 atque

41 1406 214 1464 singula
243 1406 283 1448 ei
312 1407 420 1448 mori
453 1414 496 1448 et
516 1407 825 1448 consuetudini
860 1406 1170 1448 convenienter
1198 1412 1411 1460 usurpata
1447 1448 1452 1453 ,

41 1470 168 1511 sunt,
212 1463 287 1518 qui
316 1478 430 1505 unus
462 1463 548 1505 fuit
576 1463 822 1520 legitimus,
863 1463 1107 1506 observatis
1139 1462 1269 1504 etiam
1300 1462 1410 1518 legi-

42 1520 124 1563 bus
153 1519 396 1576 elegantiae
427 1531 471 1562 et
489 1521 760 1563 subtilitatis.
820 1520 936 1562 Nam
961 1535 1095 1575 quum
1126 1520 1201 1561 illa
1231 1519 1410 1562 omnino

42 1576 127 1620 hoc
158 1576 373 1631 habeant,
412 1584 463 1619 ut
502 1592 614 1632 quae
654 1577 903 1621 nominibus
934 1577 1154 1620 concretis
1186 1584 1413 1632 tamquam

42 1633 227 1691 singulis
268 1634 398 1677 rebus
438 1635 507 1677 vel
546 1634 795 1677 hominibus
833 1634 1117 1677 adhaerentia
1155 1634 1411 1691 significan-

41 1698 136 1746 tur,
176 1706 228 1733 ea
256 1691 321 1733 sic
353 1691 588 1746 extollant,
621 1699 670 1734 ut
700 1707 779 1748 per
824 1707 870 1735 se
901 1707 952 1734 ac
982 1692 1025 1734 vi
1058 1706 1139 1734 sua
1170 1691 1411 1734 consistere

42 1753 125 1790 nec
151 1747 236 1789 iam
267 1748 397 1790 rebus
429 1748 638 1792 adiuncta
669 1764 766 1791 esse
795 1748 1045 1803 videantur,
1078 1755 1171 1791 tum
1202 1748 1303 1790 inde
1333 1763 1409 1789 va-

42 1805 134 1848 rius
162 1820 214 1847 ac
243 1805 472 1861 multiplex
502 1821 650 1848 eorum
682 1822 789 1849 usus
819 1807 1047 1862 profectus
1079 1812 1170 1860 est,
1203 1806 1278 1861 qui
1309 1820 1411 1861 par-

43 1861 120 1904 tim
163 1861 293 1903 etiam
332 1862 378 1903 in
418 1863 508 1904 vita
548 1864 768 1906 communi
806 1864 961 1920 viguit.
1021 1863 1199 1905 Etenim
1231 1862 1318 1905 alia
1346 1862 1410 1903 ita

43 1924 333 1974 usurpantur,
373 1925 423 1960 ut
463 1919 654 1974 aliquam
693 1920 915 1962 hominum
955 1920 1141 1962 classem
1180 1926 1312 1975 atque
1342 1926 1410 1961 to-

43 1982 130 2017 tam
171 1990 321 2017 eorum
360 1975 682 2019 multitudinem
722 1977 996 2032 significent,
1041 1982 1092 2017 ut
1135 1991 1269 2031 quum
1301 1975 1409 2018 dici-

44 2042 117 2074 tur
161 2031 462 2086 ὑπηρεσία,
507 2031 594 2074 die
642 2033 1085 2087 Dienerscliaft,
1141 2035 1408 2087 δουλεία,

45 2086 131 2130 die
164 2087 636 2144 Sclaveusehaft,
666 2091 964 2145 πρεσβεία,
998 2089 1086 2131 die
1118 2087 1408 2132 Gesandt-

46 2145 253 2199 schaft,
300 2147 596 2201 βασιλεία,
646 2146 743 2189 das
804 2146 1179 2204 K‘onigtbum,
1239 2149 1408 2190 δυνα-

46 2210 252 2256 στεῖαι,
285 2201 375 2244 die
409 2203 943 2258 Herrschermacht,
980 2206 1279 2259 γερουσία,
1319 2203 1407 2246 die

38 2256 516 2313 Greisenschast,
556 2263 843 2315 πολιτεία,
898 2261 994 2304 der
1034 2260 1211 2304 Staat.
1282 2260 1407 2314 Quae

47 2323 163 2359 certe
193 2315 312 2359 aliud
343 2316 448 2371 quid
479 2317 756 2374 significant,
789 2333 916 2374 quam
949 2318 986 2361 si
1015 2317 1204 2360 dicitur:
1245 2319 1407 2359 mini-

48 2373 173 2427 stri,
218 2375 391 2427 servi,
432 2373 636 2431 legati,
679 2390 867 2430 senes,
919 2374 1161 2430 domini,
1215 2390 1404 2431 reges,

49 2429 216 2493 cives
277 2430 391 2473 Nam
422 2430 530 2474 haec
561 2431 598 2474 si
630 2439 875 2488 ponuntur,
917 2433 1140 2489 cogitatur
1170 2431 1224 2474 de
1255 2432 1406 2488 singu-

49 2485 130 2536 hs;
167 2486 252 2529 illis
290 2487 499 2531 adhibitis
539 2489 740 2531 iubemur
778 2490 974 2546 cogitare
1016 2489 1070 2532 de
1109 2496 1205 2532 toto
1245 2504 1405 2544 genere

49 2550 268 2597 tamquam
309 2545 352 2586 in
391 2559 438 2588 se
477 2546 678 2589 absoluto
720 2551 764 2588 et
802 2545 847 2587 in
899 2562 1032 2589 unum
1073 2546 1406 2601 comprehenso.

51 2595 298 2656 Cognatum
337 2617 440 2644 vero
483 2618 582 2646 cum
623 2603 706 2646 hoc
744 2602 954 2658 loquendi
995 2618 1156 2660 genere
1185 2601 1294 2645 illud
1323 2610 1404 2656 est,

52 2670 137 2710 quo
168 2656 341 2699 nomina
372 2659 590 2703 abstracta
631 2660 886 2703 societatem
924 2660 1114 2715 aliquam
1147 2659 1215 2703 vel
1246 2674 1406 2715 corpus
