1644 2886
276 114 355 154 2238

279 227 364 267 τῶν
409 223 710 278 Κορυβάντων
758 222 925 276 ια’ματα
974 224 1197 265 τελοῦσαι·

743 107 1118 150 PLA'I'ONIS

1246 221 1370 274 ἡνίκα
1419 222 1504 279 γάρ
1552 220 1610 264 ἄν

277 307 361 334 που
409 289 667 343 βουληθῶσι
713 290 1030 343 κατακοιμίζειν
1077 287 1130 330 τὰ
1179 290 1480 338 δυςυπνοῦντα
1525 289 1610 330 τῶν

279 443 321 475 ‹le
353 442 505 483 inquiete
541 445 575 473 et
608 441 794 484 insomnia,
825 452 911 482 quae

277 496 338 528 per
364 486 524 519 mulieres
549 491 666 518 curata
688 486 744 525 sit,
770 496 836 518 uon
862 488 909 518 vi-

277 532 401 564 derunt
425 531 545 573 optimi
574 530 746 570 homiues,
773 532 908 563 infanti-

279 578 342 609 bus
364 575 500 617 quidem
527 586 544 608 a
574 575 717 608 Platone
736 576 836 608 tribui
863 577 909 607 iu-

277 622 458 661 somniam,
483 621 544 653 sed
574 621 819 662 corybantibus
844 631 910 653 non

276 668 379 706 item,
420 666 548 708 quippe
578 666 634 707 qui
675 675 738 698 una
778 671 908 698 tautum

278 711 400 744 mentis
456 710 684 743 concitatione
732 712 910 751 inquietari

278 757 448 789 dicuutur.
498 755 665 788 Nimirum
697 756 728 787 iu
759 756 911 789 fraudem

278 802 324 834 illi
358 801 540 833 manifesto
574 800 703 832 inducti
746 806 825 833 suut
857 811 911 840 eo,

278 846 370 888 quod
396 846 509 886 paullo
525 849 604 887 post
628 846 671 877 ad
695 846 797 878 verba
812 845 911 878 haec

277 889 439 930 καθάπερ
472 891 509 921 αἱ
541 893 605 921 τῶν
636 889 808 932 ἐκφρόιων
831 893 910 931 βακ-

277 938 375 976 χειῶν
398 934 504 970 ἰάσεις
529 953 570 958 —
596 934 711 977 μούσῃ
732 934 913 977 χρώμενμα

279 980 420 1019 intelligi
437 984 599 1020 oportere
624 983 784 1021 putarunt
799 990 840 1012 ex
856 990 911 1011 su-

280 1025 491 1066 perioribus:
524 1024 804 1066 κατακοιμίζουσι
831 1024 913 1062 τούς

279 1071 546 1107 δυςυηνοῦντας.
580 1071 624 1101 At
648 1070 758 1102 multo
783 1071 913 1102 rectius

278 1115 322 1147 ibi
360 1114 524 1146 statueris
563 1118 622 1145 aut
664 1124 725 1155 per
762 1125 910 1156 zeugma

279 1162 436 1192 ποιοῦσιν
451 1158 719 1200 intelligendum,
735 1164 805 1199 aut,
819 1161 910 1201 quod

279 1204 402 1237 eodem
428 1204 538 1242 redit,
567 1204 790 1244 repetendum
817 1215 909 1236 esse:

279 1248 343 1289 οὐχ
368 1247 511 1289 ἡσυχίαν
536 1252 794 1292 προςφέρουσιν,
822 1249 910 1281 ἀλλὰ

279 1293 479 1326 τούναντίον
504 1294 641 1335 κίνησιν,
667 1294 724 1325 καὶ
747 1293 788 1325 ov’
815 1293 911 1336 σιγὴν

277 1337 359 1371 ἀλλὰ
385 1338 566 1380 μελῳδίαν.
617 1341 727 1380 Atque
746 1338 831 1371 hauc
857 1351 909 1371 ra-

279 1385 406 1417 tionem
436 1384 535 1415 unice
556 1393 669 1416 veram
693 1394 782 1423 esse,
806 1394 908 1425 quum

279 1430 362 1461 baec
385 1429 464 1469 ipsa
483 1428 584 1461 verba
602 1429 759 1468 doceant,
783 1430 817 1461 in
835 1430 909 1471 qui-

280 1475 342 1506 bus
378 1483 443 1505 non
477 1474 541 1505 alia
575 1473 617 1506 de
651 1483 687 1505 re
712 1474 822 1515 agitur
847 1475 911 1506 nisi

280 1518 323 1551 de
361 1519 522 1550 motionis
563 1523 598 1550 et
633 1519 828 1559 agitationis
866 1519 911 1552 ad

278 1563 542 1603 comparandam
562 1563 717 1603 corporis
743 1564 912 1605 animique

279 1609 427 1650 quietem
461 1608 629 1646 utilitate3
659 1613 733 1639 tum
770 1618 911 1647 prorsus

280 1654 440 1686 evincunt
470 1653 545 1693 illa,
577 1661 664 1693 quae
697 1662 730 1693 p.
759 1652 836 1686 791.
870 1656 908 1685 A.

275 1700 454 1740 leguntur,
479 1698 535 1729 ubi
565 1696 747 1728 infantibus
772 1697 909 1738 quidem

276 1743 399 1775 dicitur
424 1752 486 1784 per
509 1741 678 1774 eiusmodi
703 1746 833 1775 motum
852 1753 910 1776 so-

277 1797 376 1820 mnus
406 1786 551 1826 adduci,
589 1786 831 1827 corybantibus
854 1798 912 1820 au-

276 1839 345 1865 tem
370 1832 551 1864 saltatione
575 1835 609 1863 et
625 1831 781 1864 tibiarum
798 1832 911 1865 incen-

277 1879 392 1916 tione,
419 1877 482 1908 diis
507 1876 765 1915 auxiliantibus,
797 1877 912 1911 afferri

278 1922 341 1955 boc
365 1921 535 1959 utilitatis,
560 1925 599 1952 ut
617 1931 679 1962 pro
696 1920 835 1955 furiosis
860 1923 913 1954 af-

278 1967 423 2000 fectibus
462 1976 567 1998 sanae
604 1967 727 1998 mentis
763 1966 912 2000 habitum

278 2016 495 2054 recuperent.
565 2010 665 2044 Quae
712 2021 817 2052 quum
865 2012 912 2044 ita

279 2058 366 2096 sint,
389 2056 530 2097 intelligi
553 2054 627 2088 hinc
652 2056 911 2098 licebit,.quid-

278 2112 354 2135 nam
385 2101 474 2134 aliud
506 2100 571 2140 sit,
605 2101 640 2132 in
670 2110 738 2141 quo
765 2103 912 2134 alterum

278 2156 427 2179 errorem
466 2147 571 2178 latere
609 2144 771 2178 diximus.
827 2146 912 2179 Nam

276 2201 367 2232 quae
400 2191 462 2222 viri
499 2189 592 2221 docti
624 2190 838 2231 scripserunt
870 2191 914 2224 de

277 2235 548 2278 aegrotantibus,
571 2235 631 2274 qui
653 2234 812 2269 tibiarum
833 2246 913 2268 can-

278 2285 350 2313 tum
383 2281 447 2312 sibi
483 2279 543 2311 visi
573 2279 641 2311 sint
668 2281 792 2312 mentis
820 2281 913 2312 insa·

279 2327 331 2358 nia
385 2325 530 2366 quadam
588 2324 697 2356 delusi
746 2330 913 2367 perpetuo

281 2371 442 2403 exaudire
476 2374 510 2402 et
542 2370 640 2409 quasi
672 2369 767 2402 furiis
792 2371 911 2412 agitati

279 2417 346 2448 sint
394 2416 579 2455 vexatique
627 2415 822 2453 insomniis,
871 2425 911 2448 ea

279 2469 383 2502 quum
411 2469 452 2492 ex
476 2460 551 2491 aliis
587 2459 672 2491 locis
699 2461 786 2492 male
811 2461 911 2493 intel-

281 2505 377 2538 lectis
402 2508 533 2537 temcre
559 2503 626 2535 sint
652 2505 813 2545 conficta,
839 2508 909 2537 tum

279 2550 322 2582 ab
347 2547 411 2581 boc
436 2550 514 2582 loco
548 2549 685 2580 omnino
713 2549 908 2581 abhorrent.

281 2596 330 2627 De
354 2604 422 2636 qua
437 2604 483 2638 *re
507 2602 617 2634 nuper
633 2595 796 2634 peculiari
814 2605 908 2626 com-

278 2639 484 2673 mentatione
518 2638 673 2676 exposuit
704 2639 795 2671 Alb.
822 2639 908 2672 lali—

981 443 1092 479 nius,
1129 443 1276 482 Bernas,
1312 443 1342 473 in
1377 440 1515 473 lahnii
1548 450 1606 472 no-

979 488 1040 518 stri
1071 492 1105 520 et
1141 487 1313 519 Klotzii
1345 487 1466 518 Annal.
1497 484 1607 518 Now.

979 533 1157 574 supplem.
1210 533 1286 564 Vol.
1327 530 1367 562 X.
1409 530 1539 562 Fascio.
1576 531 1608 564 2.

979 577 1194 618 Quamquam
1251 587 1327 608 cum
1385 576 1457 607 viro
1505 576 1609 608 docto

978 632 1080 663 quum
1121 622 1165 654 de
1195 622 1270 653 aliis
1301 620 1501 662 quibusdam
1538 621 1607 651 dis-

978 667 1164 705 sentimus,
1194 670 1266 698 tum
1293 666 1392 698 etiam
1419 665 1461 697 de
1485 666 1607 707 signifi-

979 714 1127 751 catione,
1154 721 1255 751 quam
1274 711 1386 752 p.222
1401 720 1475 751 sqq.
1503 712 1608 742 verbo

981 757 1207 799 κορυβαιιιᾶν
1249 761 1414 796 tanquam
1461 755 1609 795 primiti-

981 812 1053 833 vam
1081 801 1246 833 attribuit.
1294 801 1396 834 Quod
1415 802 1505 832 euim
1527 800 1608 832 illud

979 847 1162 878 arbitratur
1202 844 1354 878 adbiberi
1394 846 1436 877 ad
1470 845 1607 877 decla-

980 891 1152 923 randum
1180 891 1391 923 affectum
1413 891 1607 922 etactio—

980 947 1067 968 uem
1086 936 1380 975 Corybantum
1406 935 1498 966 sive
1516 936 1607 967 Gal-

980 983 1132 1017 lorum,
1157 981 1200 1011 id
1228 984 1304 1020 est,
1330 979 1607 1012 sacerdotum

981 1026 1137 1058 matris
1163 1025 1299 1064 deum,
1336 1024 1607 1065 quandoquidem

980 1071 1083 1103 verba
1096 1071 1127 1102 iu
1154 1073 1208 1102 ιᾶν
1224 1070 1403 1102 terminata
1421 1073 1512 1101 teste
1532 1069 1559 1101 1,
1570 1080 1608 1100 o-

980 1116 1134 1148 beckio
1159 1115 1200 1147 ad
1222 1114 1396 1158 Pliryuicli.
1422 1126 1454 1157 p.
1472 1115 1515 1149 79
1532 1125 1606 1155 sqq.

978 1160 1019 1192 ad
1045 1160 1148 1192 animi
1178 1160 1381 1192 affectiones
1415 1165 1449 1192 et
1474 1164 1606 1200 pffertur

978 1207 1137 1250 bationes
1163 1205 1398 1246 significandas
1424 1205 1607 1237 adhibean-

977 1245 1050 1290 t'ur;
1087 1251 1119 1282 id
1145 1261 1164 1281 a
1191 1260 1270 1281 vero
1297 1250 1424 1282 recedit
1448 1249 1607 1290 longissi-

976 1307 1040 1330 me.
1099 1295 1276 1335 Nusquam
1320 1296 1411 1327 enim
1446 1295 1526 1326 illud
1565 1294 1609 1326 de

978 1341 1060 1382 ipsis
1094 1340 1343 1380 Corybantibus
1375 1339 1517 1380 dicitur,
1547 1339 1608 1371 sed

978 1386 1075 1418 unice
1099 1386 1256 1426 usurpari
1283 1386 1373 1416 solat
1399 1384 1442 1416 de
1467 1385 1525 1423 iis,
1551 1384 1609 1425 qui

979 1441 1074 1464 more
1088 1429 1321 1470 Corybantum
1342 1429 1489 1461 fanatico
1516 1429 1607 1460 suro-

978 1486 1015 1508 re
1040 1475 1372 1516 correptiinsauiunt
1398 1477 1432 1506 et
1449 1474 1607 1506 delirant.

980 1521 1044 1553 Est
1069 1521 1157 1552 euim
1193 1518 1463 1561 Corybantio
1492 1519 1608 1550 furo-

979 1575 1022 1597 re
1048 1565 1251 1597 laborare
1275 1565 1366 1596 sive
1391 1563 1609 1596 affectum

977 1620 1084 1642 esse.
1134 1609 1231 1641 Unde
1258 1613 1423 1651 apparet,
1459 1618 1518 1640 cur
1543 1618 1610 1640 non

978 1654 1129 1696 potuerit
1163 1653 1230 1685 dici
1256 1654 1299 1686 de
1324 1654 1405 1695 ipsis
1432 1653 1606 1694 Coryban-

977 1699 1084 1737 tibus,
1117 1709 1136 1730 a
1161 1698 1282 1739 quibus
1314 1699 1362 1730 rei
1394 1707 1517 1730 nomen
1550 1709 1608 1739 pe-

978 1744 1077 1776 titum
1103 1747 1167 1777 est.
1216 1742 1350 1776 Etenim
1374 1742 1607 1785 Corybantum

979 1798 1076 1820 sacra
1109 1791 1246 1821 constat
1267 1792 1405 1829 peracta
1432 1797 1513 1819 >esse
1537 1787 1608 1819 sin-

980 1833 1088 1875 gulari
1113 1831 1365 1872 enthusiasmo,
1398 1833 1446 1864 ita
1482 1835 1519 1863 ut
1542 1832 1607 1874 ipsi

981 1879 1066 1912 miro
1099 1878 1246 1919 quodam
1281 1878 1394 1910 furore
1424 1876 1544 1918 perciti
1574 1880 1609 1908 et

980 1924 1099 1965 agitati
1126 1922 1330 1955 viderentur.
1357 1932 1387 1954 ν.
1415 1921 1562 1954 Lobec
1573 1922 1606 1954 k.

982 1967 1204 2010 Aglaopliam.
1233 1968 1305 2001 Vol.
1326 1968 1365 2000 ll.
1385 1977 1417 2008 p.
1432 1965 1522 2000 1139
1535 1976 1606 2009 sqq.

980 2013 1069 2047 1153
1100 2023 1172 2054 sqq.
1210 2012 1410 2045 Creuzer.
1450 2011 1606 2050 Symbol.

980 2069 1011 2092 u.
1044 2057 1232 2100 Mytholog.
1265 2057 1304 2089 V.
1338 2057 1376 2089 ΙΙ.
1409 2066 1441 2098 p.
1471 2055 1518 2090 40
1554 2066 1607 2097 sq.

983 2103 1201 2144 Bottiger.
1247 2102 1346 2135 ldeeu
1382 2110 1445 2133 zur
1477 2101 1607 2133 Kunst-

981 2147 1189 2189 mythologie
1224 2147 1302 2179 Vol.
1337 2146 1361 2178 1.
1392 2156 1423 2187 p.
1460 2145 1527 2180 287
1556 2156 1606 2187 sq.

983 2193 1143 2224 Hoeck.
1170 2193 1272 2224 Creta
1298 2201 1326 2222 v.
1352 2191 1381 2222 Ι.
1404 2201 1437 2232 p.
1450 2190 1517 2224 203
1533 2200 1607 2231 sqq.

982 2237 1072 2269 Hinc
1108 2238 1338 2279 κορυβαντιᾶν
1377 2236 1516 2267 omniuo
1557 2235 1606 2267 di-

979 2285 1100 2314 cuntur
1139 2281 1181 2321 ii,
1222 2279 1290 2322 qui
1330 2290 1447 2312 more
1481 2280 1607 2321 Cory-

980 2327 1158 2359 bantum
1200 2325 1384 2357 insolito
1422 2325 1606 2366 quodam

979 2370 1279 2404 enthusiasmo
1305 2373 1348 2402 et
1372 2379 1494 2402 sacro
1517 2374 1606 2402 tan-

978 2425 1098 2457 quam
1146 2415 1296 2447 furore
1344 2415 1514 2447 cientur
1560 2423 1606 2446 ac

978 2459 1117 2493 veluti
1143 2464 1265 2492 extra
1294 2470 1342 2490 se
1367 2459 1603 2502 rapiuntur.

979 2505 1030 2538 Ex
1053 2513 1118 2545 qua
1147 2513 1213 2536 uua
1244 2504 1490 2546 significatione
1521 2504 1605 2536 mul-

977 2549 1084 2591 tiplex
1116 2549 1211 2581 verbi
1246 2558 1327 2581 usus
1351 2548 1439 2581 facili
1457 2548 1606 2590 ‘negotio

977 2594 1140 2627 declarari
1190 2598 1225 2626 et
1271 2593 1431 2626 illustrari
1478 2598 1605 2634 potest.

977 2638 1196 2671 Transfertur
1229 2638 1315 2671 enim
1350 2638 1391 2671 ad
1424 2637 1607 2679 designan-
