1644 2886
260 115 338 156 194
765 111 1140 154 PLATONIS

264 231 392 270 νέων·
442 226 519 268 ἐὰν
568 228 612 266 δὲ
659 223 855 276 κολάζειν
891 225 988 267 τινὰ
1025 229 1234 286 ἐπιχειρῇ,
1278 229 1365 276 πᾶς
1397 229 1455 281 τῷ
1494 226 1587 268 ἀδι-

215 302 223 316 “
264 296 456 346 κουμένῳ
502 292 725 343 βοηθείτω
773 296 843 331 καὶ
892 290 1115 344 ἀμυνέτω,
1165 291 1224 346 μὴ
1260 294 1449 345 βοηθῶν
1485 295 1528 334 δὲ
1565 291 1587 334 ὁ

263 356 620 411 παραγενόμενος
663 354 804 404 δειλός
849 372 892 398 τε
938 355 1032 411 ἅμα
1082 361 1151 399 καὶ
1198 356 1329 406 κακὸς
1375 356 1462 400 ὑπὸ
1511 359 1589 399 τοῦ

261 423 399 476 νόμου
437 423 617 471 πολίτης
652 420 761 463 εἶναι
791 423 996 475 λεγέσθω.
1067 425 1179 477 Περὶ
1223 425 1267 465 δὲ
1314 421 1496 478 προικὸς
1535 424 1590 465 εἴ·

261 502 392 540 ρηται
429 489 509 540 μὲν
545 489 617 528 καὶ
653 485 870 540 πρότερον
885 519 904 536 ,,
932 488 1128 542 εἰρήσθω
1165 490 1208 530 δὲ
1245 488 1392 538 πάλιν,
1425 487 1483 537 ὡς
1518 488 1590 530 ἴσα

262 552 361 595 ἀντὶ
409 551 513 595 ἴσων
560 554 646 594 ἐστὶ
687 551 745 604 τῷ
781 551 888 605 μήτε
923 552 1192 607 λαμβάνοντι
1229 552 1331 608 μήτ’
1379 553 1593 597 ἐκδιδόντι

354 704 394 735 C.
439 703 646 746 εἰρήσθω
672 703 714 735 δὲ
739 703 885 745 πάλιν]
913 706 966 736 καὶ
991 709 1069 737 ante
1095 703 1191 737 πάλιν
1218 707 1440 747 interponunt
1465 705 1497 736 h.
1529 703 1557 736 δ.

356 747 578 781 διδάσκειν
609 748 710 781 τοὺς
742 749 944 791 πένητας]
982 748 1161 792 γηράσκειν
1196 753 1234 783 Δ.
1263 751 1300 784 Ξ.
1331 749 1368 782 52.
1396 750 1420 782 f.
1447 760 1478 782 a.
1505 760 1534 782 c.
1564 749 1591 781 ὃ.

265 804 294 824 ο.
321 803 354 826 x.
381 798 415 826 et
441 804 547 836 marg.
575 794 620 834 h.‚
647 794 738 836 quod
763 800 966 835 receperunt
994 796 1182 835 Bekkerus‚
1209 796 1436 827 Sclmeiderus
1463 798 1497 827 et
1521 795 1594 827 Tu—

263 838 423 870 ricenses.
473 839 543 871 Sed
570 843 664 871 recte
689 837 859 871 διδάσκειν
890 841 1068 880 scribitur,
1101 840 1193 881 quod
1226 845 1317 873 teste
1343 840 1459 871 Bastio
1492 841 1593 872 etiam

263 883 296 914 in
320 892 428 925 marg.
454 885 536 916 Vat.
567 882 604 916 Ω.
635 885 737 916 sicuti
770 885 800 916 in
834 895 938 923 maru.
973 885 1247 919 Florentinorum
1281 887 1431 917 omnium
1465 885 1594 917 adscri-

263 931 355 968 ptum
390 930 527 970 legitur.
565 940 594 963 v.
629 933 774 961 enarrat
812 931 849 961 Α.
886 927 923 960 Ω.
955 940 984 963 v.
1013 930 1033 962 f.
1070 930 1162 962 Flor.
1191 941 1220 962 a.
1253 940 1282 965 τ’.
1308 941 1338 962 ο.
1365 928 1402 961 τὸ
1427 928 1507 971 μήτε
1532 940 1594 972 pro

263 983 307 1014 τῳ
333 971 422 1014 μήτε.

264 1083 414 1124 lycurgi
463 1083 620 1116 instituta
672 1088 898 1125 attemperata

265 1138 354 1166 esse,
379 1137 420 1159 ex
450 1128 618 1160 Plutarchi
651 1130 671 1160 l.
698 1140 726 1160 c.
751 1132 898 1160 constat.

265 1173 315 1204 De
359 1173 452 1213 τιμῆς
474 1171 598 1216 {Hunos
635 1174 723 1206 conf.
757 1184 789 1215 p.
821 1173 898 1206 810-

264 1219 315 1251 A:
347 1214 465 1256 ἄτιμος
498 1219 563 1250 τῶι
595 1217 755 1250 παιδειῶν
786 1218 897 1257 τιμῶν.

266 1260 462 1303 Thucyd
496 1263 552 1296 ΙΙΙ.
586 1264 647 1297 58:
681 1261 820 1303 ἀτίμους
845 1275 896 1305 γε·

267 1306 346 1346 ρῶι.

313 1373 353 1405 C.
410 1373 591 1414 Heni-153
625 1372 808 1417 προικός
842 1374 896 1405 εἴ·

268 1429 394 1459 ρηται
418 1418 477 1459 —]
507 1418 543 1450 V.
568 1419 663 1451 Libr.
690 1419 734 1451 V.
761 1428 794 1460 p.
818 1418 897 1452 742.

268 1461 306 1494 C.
345 1462 395 1494 De
420 1472 457 1494 re
481 1463 553 1504 ipsa
579 1465 741 1506 exposuit
765 1464 803 1495 C.
831 1463 895 1495 Fr.

270 1506 495 1539 Hermann.
530 1507 586 1540 De
617 1508 771 1550 vestigiis
803 1508 897 1540 insti-

270 1555 348 1583 tutt.
380 1562 412 1593 p.
446 1552 501 1585 24.
539 1554 595 1592 qui
633 1555 807 1593 praeclare
838 1553 898 1584 do-

269 1595 349 1637 cuit,
375 1596 474 1628 etiam
500 1606 518 1628 a
543 1597 703 1639 Lycurgo
720 1597 820 1629 dotes
845 1597 896 1628 fu-

267 1640 336 1672 isse
370 1639 573 1682 prohibitas,
603 1652 645 1674 ne
677 1652 732 1674 res
756 1641 898 1673 familia-

268 1685 315 1717 ris
346 1685 528 1718 immodice
559 1691 743 1728 augeretur
777 1686 895 1718 mulie-

267 1740 366 1762 resve
391 1731 595 1772 imperiosae
618 1736 654 1764 et
677 1736 898 1764 contumaces

262 1773 427 1807 adversus
462 1777 604 1809 maritos
644 1777 780 1815 fierent,
824 1777 895 1808 lau-

263 1819 348 1852 dans
379 1821 409 1852 in
445 1819 530 1852 hanc
561 1831 632 1853 rem
671 1821 895 1863 Hermippum

263 1875 317 1906 ap.
352 1864 503 1896 Athen.
537 1864 631 1898 Xlll.
659 1866 690 1899 2.
726 1867 894 1899 Aelian.

267 1910 360 1942 Varr.
396 1909 489 1941 Hist.
521 1909 582 1944 Vl.
608 1910 640 1944 6.
675 1917 709 1942 et
738 1910 894 1942 Iustin.

264 1954 323 1988 nl.
348 1953 380 1988 3.
415 1955 472 1995 qui
506 1954 637 1988 similes
666 1956 818 1988 rationes
844 1955 895 1987 al·-

266 1999 348 2032 fert:
382 2003 442 2031 *ut
478 2009 638 2032 uxores
677 2001 894 2042 eligeren-

264 2050 354 2083 tur,
389 2053 470 2076 non
502 2045 738 2087 pecuniae,
773 2055 893 2078 seve-

264 2089 440 2128 riusque
491 2089 766 2122 matrimonia
817 2100 892 2122 sua

264 2133 344 2165 viri
371 2136 624 2173 coemerent,
650 2144 777 2175 quum
805 2134 892 2167 nul-

265 2178 316 2209 lis
340 2178 482 2210 frenis
507 2182 770 2211 tenerentur.

303 2242 498 2297 εἰρήσθω
539 2244 579 2277 δὲ
609 2242 742 2276 πάλιν
770 2263 809 2268 -
834 2244 892 2276 δι-

263 2286 437 2320 δάσκειν
489 2287 592 2325 τοῦς
649 2289 892 2330 πένητας]

242 2332 362 2365 -Haec
406 2333 510 2365 verba
558 2333 626 2366 dici
671 2343 738 2365 non
776 2337 895 2376 potest

263 2381 428 2419 quantum
468 2379 647 2411 molestiae
680 2379 756 2410 viris
781 2379 894 2411 doctis

264 2424 466 2455 creaverim.
513 2423 618 2456 Quod
649 2423 715 2455 iam
749 2424 891 2464 antiqui-

263 2472 319 2499 tus
343 2467 390 2499 ita
415 2467 540 2499 factum
568 2478 665 2507 esse,
699 2468 773 2500 iure
796 2468 890 2500 vide-

262 2522 335 2545 mur
359 2512 483 2545 exinde
506 2513 680 2554 colligere,
709 2512 803 2554 quod
830 2523 891 2554 pro

262 2555 433 2589 διδάσκειν
475 2556 611 2589 fuerunt
655 2558 712 2597 qui
759 2558 812 2589 vel
860 2558 892 2589 in

260 2602 411 2644 optimos
441 2600 542 2634 codd.
567 2601 766 2634 inveherent
788 2601 892 2643 γηρά-

258 2659 368 2684 σκειν,
401 2656 488 2687 quae
522 2647 624 2678 lectio
648 2651 787 2688 praeter
811 2646 890 2679 Bas.

965 1083 997 1116 2.
1036 1093 1122 1115 nunc
1163 1083 1264 1116 etiam
1303 1083 1400 1115 editt.
1443 1085 1612 1117 Bekker.'

965 1128 1080 1160 Turic.
1108 1129 1150 1159 al.
1177 1128 1325 1160 obsidet
1377 1129 1466 1161 Hinc
1492 1130 1594 1170 Cor-

966 1173 1111 1204 narius
1150 1174 1262 1204 locum
1296 1174 1502 1206 emendabat
1525 1176 1594 1208 sic:

966 1215 1004 1248 τὸ
1032 1217 1117 1259 μήτε
1143 1230 1178 1248 ‘tn
1164 1221 1188 1260 ᾧ
1213 1216 1398 1258 λαμβανειν
1421 1231 1473 1258 τι,
1505 1218 1592 1261 μήτ’

965 1262 1032 1293 ἰκδι
1038 1262 1136 1294 δόιαι
1151 1275 1195 1298 τι,
1221 1260 1276 1293 δια
1292 1262 1479 1303 χρημάτων
1503 1263 1592 1294 εἰπο-

966 1307 1042 1349 ρίαν
1088 1305 1266 1350 γηράσκειν
1313 1307 1396 1342 τούς
1435 1320 1591 1349 πενητας,

965 1353 1131 1392 probante
1176 1352 1353 1383 Grouio.
1401 1352 1472 1395 Wy
1483 1357 1593 1385 tten-

964 1395 1138 1428 bachius
1163 1395 1204 1427 ad
1231 1396 1322 1428 Plut.
1350 1396 1437 1431 Mor.
1453 1364 1497 1438 yp.
1516 1399 1594 1433 151.

967 1441 1009 1473 Τ.
1042 1439 1156 1472 Led.
1189 1440 1253 1474 Ox.
1286 1450 1389 1482 zp.
1422 1442 1499 1475 102.
1539 1444 1593 1475 ed.

968 1486 1060 1528 lips.
1076 1485 1287 1527 corrigebat·
1312 1484 1501 1519 ἐκδιδόντι·
1529 1487 1595 1520 ου’-

968 1531 1012 1562 ὁὲ
1058 1528 1242 1572 χρημάτων
1280 1528 1431 1571 ἀπορίαν
1471 1542 1595 1574 πονη-

967 1575 1068 1617 ροῦς
1108 1573 1281 1606 διδάσκειν
1324 1574 1404 1612 τοὺς
1437 1579 1595 1617 πένητας,

965 1630 1043 1652 nec
1079 1620 1359 1660 pecuniarum
1398 1621 1594 1663 inopiam

966 1664 1125 1697 debere
1171 1669 1388 1704 pauperes
1438 1665 1596 1699 docere

920 1719 924 1721 “
965 1708 1191 1750 improbos
1216 1708 1328 1740 fieri.
1366 1709 1594 1744 Schneide—

965 1763 1034 1786 rus
1082 1753 1169 1785 inter
1216 1751 1300 1795 μήτ’
1348 1753 1522 1786 ἐκδιδόντι
1561 1761 1596 1788 et

964 1796 1020 1830 διὰ
1044 1796 1226 1840 χρημάτων
1257 1798 1387 1838 aliquid
1425 1799 1595 1832 excidisse

965 1843 1099 1882 statuit,
1124 1842 1269 1882 ideoque
1289 1843 1393 1878 verba
1418 1844 1467 1876 sie
1491 1846 1594 1877 inter-

963 1892 1132 1930 pretatur:
1170 1887 1228 1919 De
1252 1886 1357 1919 dote
1382 1893 1521 1922 autem
1549 1907 1592 1914 —

963 1933 1120 1964 dictum
1139 1936 1259 1970 sesto,
1284 1934 1494 1972 aequalia
1519 1944 1592 1976 pro

961 1977 1222 2017 aequalibus
1248 1976 1402 2009 habere
1422 1979 1491 2019 qui
1516 1988 1593 2011 nea

961 2022 1090 2054 ducat
1137 2030 1215 2053 nec
1262 2022 1459 2054 collocet
1501 2033 1590 2056 cum

961 2067 1082 2105 dote,
1114 2076 1246 2108 neque
1274 2066 1505 2100 verendum
1534 2078 1592 2100 es-

959 2122 1002 2143 se
1025 2121 1072 2144 ne
1094 2110 1480 2152 coelibespropter
1502 2113 1591 2145 ino-

960 2156 1070 2197 piam
1103 2159 1338 2188 senescant
1367 2165 1591 2198 pauperes.

960 2200 1032 2231 Alii
1067 2200 1170 2231 etiam
1206 2200 1316 2231 aliter.
1373 2199 1445 2232 Nec
1478 2206 1591 2234 tamen

960 2245 1057 2277 nobis
1090 2245 1184 2276 locus
1217 2243 1350 2276 videtur
1383 2248 1441 2276 ant
1474 2256 1591 2279 emen-

960 2289 1097 2321 datione
1121 2288 1272 2330 indigere
1295 2292 1354 2320 ant
1373 2289 1517 2322 difficilis
1540 2292 1590 2323 in-

960 2335 1098 2366 tellectu
1123 2343 1220 2372 esse,
1259 2333 1363 2365 modo
1397 2338 1476 2374 post
1501 2335 1591 2376 signf-

960 2381 1036 2410 σθω
1062 2378 1098 2409 δὲ
1120 2377 1219 2408 πάλιν
1244 2379 1364 2415 colon,
1399 2379 1592 2420 importune

959 2423 1162 2460 immissum,
1187 2422 1219 2453 in
1246 2423 1411 2464 virgulam
1438 2434 1590 2457 commu-

960 2473 1068 2506 tetur,
1107 2470 1141 2497 et
1179 2465 1364 2504 διδάσκειν,
1402 2478 1421 2499 a
1464 2469 1590 2501 criticis

960 2516 1042 2544 vett.
1083 2515 1307 2552 praepostere
1345 2513 1375 2544 in
1412 2512 1591 2555 γηράσκειν

960 2555 1234 2589 transformatum
1274 2557 1408 2589 fortiter
1443 2558 1587 2590 retinea-

959 2606 1023 2633 tur.
1072 2599 1239 2632 Nimirum
1261 2611 1328 2633 uon
1348 2601 1504 2634 viderunt
1527 2603 1590 2635 viri

961 2645 1099 2687 optimi,
1162 2646 1355 2678 infinitivum
1420 2644 1592 2679 διδάσκειν
