1644 2886
499 100 666 144 mssiu
703 98 943 155 QmN'ri.
1382 96 1401 135 τ

62 231 287 262 nunc-nou
319 216 424 259 illud
454 216 644 258 civitatis
677 214 896 270 exemplar
928 210 1291 263 consideravisse,
1324 206 1402 250 sed

45 267 303 318 'condidisse
326 290 418 316 eam
441 273 767 330 rempublicam,
800 286 911 326 quae
933 275 1033 326 post
1064 268 1180 333 illaiu
1210 264 1401 310 secunda

62 331 150 381 sit3.
176 333 346 375 tertiam
387 340 531 374 autem
565 330 773 387 post-hac,
806 329 842 371 si
874 327 982 370 deus
1014 327 1199 369 voluerit
1209 357 1224 383 ,
1256 322 1401 366 absol-

62 403 219 432 vemus.
293 390 446 444 [taque
486 389 529 430 in
580 388 660 430 bac
710 393 858 429 nostra
897 385 1074 427 civitate
1116 395 1322 441 agrorum
1361 388 1404 422 et

61 444 282 488 domomm
316 446 569 498 dis-tributio
601 446 742 492 locum
773 442 977 507 habebit,
1023 450 1253 498 propterea
1283 436 1402 503 quod

62 502 267 544 bonorum
307 503 552 546 communio
595 504 636 544 in
667 517 766 554 eos,
799 514 873 555 qm
903 515 1018 540 nunc
1050 505 1176 550 sunt,
1207 496 1403 547 hommes

61 557 394 616 haudquaquam
433 559 662 610 convenit3
703 556 782 601 sed
825 564 969 598 tamen
1007 556 1067 597 ita
1095 556 1240 597 locum
1272 551 1404 595 habe-

61 616 138 671 bit,
165 625 214 658 ut
245 618 424 673 quisque
453 633 562 671 eam,
594 631 724 670 quam
754 616 974 675 acceperit
1004 619 1180 665 sortem,
1213 625 1404 679 commu-

61 687 157 715 nem
199 675 422 716 universae
465 673 656 717 civitatis
696 687 790 715 esse
834 671 1063 714 existimet.
1136 669 1259 711 Haec
1300 681 1403 709 vero

61 729 218 773 divisio
256 730 405 774 sedulo
443 729 680 775 curandum
726 735 792 775 est
839 735 889 770 ut
939 733 1399 791 semper-permaneat

60 802 200 843 neque
242 799 431 844 unquam
473 789 685 832 turbetur.
769 785 990 840 Quocirca
1030 790 1214 848 sortlurn
1254 796 1403 823 nume-

60 859 154 887 rum
193 860 274 888 nec
309 861 470 903 augere
510 861 589 888 nec
627 845 821 886 minuere
851 843 1006 897 liceat,
1039 840 1403 894 interdictumque

61 901 140 957 sit,
181 917 236 944 ne
268 903 361 958 quis
392 904 636 960 portionem
669 901 857 956 aliquam
886 899 1049 942 vendat
1078 898 1148 941 vel
1178 903 1314 962 emat3
1335 911 1406 961 ’ac

60 964 282 1016 praeterea
320 960 405 1002 alia
453 974 629 1016 quoque
679 958 958 1012 sanciantur,
1010 956 1168 1012 quibus
1221 959 1405 1011 pristina

59 1031 260 1074 agrorum
289 1024 330 1059 et
358 1017 585 1060 domorum
625 1016 868 1074 aequalitas
899 1019 1181 1058 conservetur
1212 1013 1274 1078 (po.
1307 1012 1403 1076 339.

62 1074 117 1115 A.
153 1098 202 1104 -
234 1075 327 1116 741.
357 1074 453 1130 D.).
511 1073 624 1118 Cum
645 1073 728 1116 hoc
759 1079 902 1115 autem
931 1072 1132 1114 instituto
1162 1076 1404 1135 arcti-ssime

62 1130 340 1172 coniunctum
379 1132 460 1173 erit
488 1130 623 1184 illud,
651 1137 702 1172 ut
731 1130 871 1172 omnis
903 1135 1111 1184 quaestus
1142 1134 1188 1170 et
1215 1126 1404 1168 llhbera—

61 1187 116 1228 lis
145 1186 389 1229 divitiarum
420 1186 774 1230 cumulandarum
814 1186 1034 1242 cupiditas
1063 1184 1217 1241 procul
1247 1183 1407 1248 habea-

64 1249 146 1286 tur.
223 1243 375 1299 ltaque
412 1244 671 1301 legumlator
723 1244 907 1300 privatis
950 1242 1198 1285 hominibus
1238 1255 1333 1306 aurl
1362 1246 1407 1281 et
1443 1283 1448 1287 ,

63 1300 231 1356 argenti
249 1301 524 1356 possessione
549 1301 781 1344 interdicet
802 1300 1140 1356 introducetque
1160 1312 1405 1355 pecuniam,

62 1371 174 1412 quae
203 1356 319 1414 apud
351 1364 522 1402 exteros
551 1358 713 1401 nullius
743 1359 874 1414 pretii*
900 1358 980 1409 sit3
1029 1357 1294 1420 peregrinos·
1325 1370 1404 1396 nu·-

62 1427 155 1456 mos
186 1429 211 1455 a
239 1413 416 1457 civitate
446 1416 634 1470 arcebit,
672 1415 755 1457 nisi
787 1423 1004 1471 quatenus
1033 1416 1087 1458 iis
1118 1428 1229 1471 opus
1252 1418 1319 1479 ’sit
1348 1411 1403 1453 ad

62 1484 166 1513 usus
195 1471 400 1514 militares
421 1473 487 1515 vel
517 1473 573 1515 ad
601 1472 825 1515 obeundas
847 1473 1113 1528 legationes,
1146 1486 1196 1513 ac
1227 1485 1264 1513 si
1295 1485 1404 1526 quos

62 1527 219 1583 privati
251 1529 528 1585 possideant,
569 1545 644 1573 eos
682 1530 936 1586 publicabit,
977 1531 1106 1572 etiam
1147 1528 1309 1581 mulcta
1338 1527 1405 1568 vel

64 1584 148 1626 alia
188 1599 328 1640 poena
375 1586 419 1629 in
450 1603 526 1630 eos
556 1588 817 1642 constituta,
858 1588 932 1644 qui
963 1587 1044 1630 hac
1083 1587 1129 1628 in
1168 1592 1293 1645 parte
1331 1585 1406 1652 de-

64 1640 288 1697 liquerint3
327 1644 490 1687 vetabit
528 1644 717 1700 denique
747 1645 877 1687 etiam
908 1645 1054 1688 dotem
1083 1646 1187 1688 dare
1217 1653 1260 1690 et
1290 1659 1403 1689 acci-

37 1702 186 1756 'per,e,
225 1699 415 1757 itemque
455 1703 685 1758 pecuniam
737 1701 954 1759 deponere
1004 1710 1046 1745 et
1095 1704 1175 1747 sub
1226 1706 1405 1748 foenore

55 1755 286 1799 collocare.
344 1758 502 1814 Neque
531 1761 645 1804 enim
666 1760 826 1802 civium
854 1760 1041 1803 felicitas
1080 1764 1124 1804 in
1155 1763 1404 1806 divitiarum

62 1814 342 1871 possessione,
382 1815 459 1858 sed
487 1817 532 1858 in
564 1818 722 1859 virtute
754 1818 901 1874 posita
929 1825 1020 1870 est3
1058 1821 1132 1876 qui
1163 1821 1201 1864 si
1230 1821 1332 1864 boni
1364 1830 1406 1864 et

65 1869 236 1912 honesti
283 1871 415 1926 sint,
448 1879 563 1914 certe
618 1890 704 1916 non
750 1875 982 1918 inhiabunt
1032 1877 1222 1934 divitiis,
1286 1879 1405 1934 quod

63 1925 140 1981 qui
174 1926 306 1981 facit,
346 1929 384 1970 is
425 1928 631 1972 honestus
672 1936 803 1984 atque
830 1932 970 1975 bonus
1001 1948 1095 1976 esse
1125 1936 1243 1977 nullo
1274 1936 1404 1978 modo

63 1988 229 2038 potest3
269 1984 344 2039 qui
374 1992 518 2027 autem
547 1987 661 2029 iuste
689 1988 827 2030 utitur
854 1990 1060 2045 pecunia,
1089 1993 1125 2035 is
1155 1992 1272 2035 haud
1303 2008 1406 2037 sane

63 2040 388 2098 facili-negotio
428 2041 623 2086 ditescet.
683 2043 784 2086 Huc
815 2046 998 2102 accedit,
1032 2049 1150 2103 quod
1181 2058 1404 2106 quaestus,

64 2097 270 2152 avaritia,
334 2098 522 2155 denique
569 2101 780 2144 bonorum
831 2110 1106 2148 externorum
1164 2108 1404 2164 inaequalis¹

63 2156 282 2211 possessio
322 2156 501 2200 turbant
543 2158 700 2200 civium
750 2161 1051 2217 concordiam,
1094 2180 1222 2220 quam
1261 2172 1404 2209 tamen

63 2211 230 2254 civitati
278 2212 567 2257 iudicavimus
613 2221 711 2259 ante
761 2219 906 2260 omnia
955 2222 1241 2277 expetendam
1290 2239 1402 2278 esse,

61 2268 277 2324 siquidem
310 2271 501 2327 gignunt
537 2272 739 2328 livorem,
777 2274 1084 2334 invidentiam,
1127 2279 1290 2335 odium,
1330 2281 1404 2324 de·

60 2326 192 2381 nique
217 2327 316 2369 lites
346 2334 390 2370 et
418 2330 736 2373 controversias
774 2331 904 2391 longe
934 2337 1165 2379 acerrimas
1213 2339 1276 2394 (p.
1311 2342 1404 2383 741.

51 2381 118 2444 Β.
154 2408 209 2415 -
248 2383 344 2427 743.
374 2385 467 2442 D.).
535 2386 646 2429 Jure
684 2387 820 2444 igitur
849 2406 936 2434 non
965 2408 1054 2449 uno
1081 2394 1177 2438 loco
1210 2395 1407 2439 videmur

63 2441 282 2495 statuisse,
312 2457 445 2498 opum
469 2444 815 2499 quaerendarum
835 2449 1025 2493 studium
1057 2458 1278 2508 postremo
1308 2453 1405 2497 loco

65 2497 308 2550 ponendum
347 2514 457 2543 esse.
530 2500 708 2558 Quippe
739 2503 876 2559 prima
904 2508 1036 2550 animi
1069 2524 1174 2551 cura
1191 2524 1298 2554 ‚esse
1329 2510 1404 2553 de-

65 2551 153 2606 bet,
185 2555 375 2599 secunda
404 2561 623 2613 corporis;
656 2560 875 2616 postrem‘a
897 2579 995 2608 vero
1016 2572 1146 2621 atque
1178 2568 1308 2609 tertia
1337 2583 1401 2612 ea.

63 2623 175 2664 quae
222 2618 338 2656 recte
383 2616 603 2661 confertur
647 2617 701 2658 ad
743 2633 846 2674 opes
884 2628 928 2664 et
963 2624 1204 2679 pecuniam.
1265 2626 1404 2680 Atque

63 2664 128 2710 his
168 2669 365 2715 omnibus
403 2675 711 2717 convenienter
753 2676 786 2719 si
829 2678 980 2723 civitas
1024 2680 1212 2724 honores
1243 2684 1404 2726 consti-
