<?xml version="1.0" encoding="UTF-8"?>
<!DOCTYPE html PUBLIC "-//W3C//DTD XHTML 1.0 Transitional//EN"
    "http://www.w3.org/TR/xhtml1/DTD/xhtml1-transitional.dtd">
<html xmlns="http://www.w3.org/1999/xhtml" xml:lang="en" lang="en">
 <head>
  <title>
</title>
<meta http-equiv="Content-Type" content="text/html;charset=utf-8" />
  <meta name='ocr-system' content='tesseract 3.04.00' />
  <meta name='ocr-capabilities' content='ocr_page ocr_carea ocr_par ocr_line ocrx_word'/>
</head>
<body>
  <div class='ocr_page' id='page_1' title='image "./s2operaomniarece10platuoft_0100.png"; bbox 0 0 1644 2886; ppageno 0'>
   <div class='ocr_carea' id='block_1_1' title="bbox 265 112 1163 157">
    <p class='ocr_par' dir='ltr' id='par_1_1' title="bbox 265 112 1163 157">
     <span class='ocr_line' id='line_1_1' title="bbox 265 112 1163 157; baseline -0.003 0"><span class='ocrx_word' id='word_1_1' title='bbox 265 114 417 157; x_wconf 82' lang='lat' dir='ltr'>XCVI</span> <span class='ocrx_word' id='word_1_2' title='bbox 685 112 1163 155; x_wconf 76' lang='lat' dir='ltr'>PROLEGOMENA</span> 
     </span>
    </p>
   </div>
   <div class='ocr_carea' id='block_1_2' title="bbox 205 221 1633 1556">
    <p class='ocr_par' dir='ltr' id='par_1_2' title="bbox 205 221 1633 1556">
     <span class='ocr_line' id='line_1_2' title="bbox 266 221 1633 286; baseline -0.001 -21"><span class='ocrx_word' id='word_1_3' title='bbox 266 226 377 266; x_wconf 86' lang='lat' dir='ltr'>inter</span> <span class='ocrx_word' id='word_1_4' title='bbox 415 240 461 267; x_wconf 87' lang='lat' dir='ltr'>se</span> <span class='ocrx_word' id='word_1_5' title='bbox 501 224 813 286; x_wconf 82' lang='lat' dir='ltr'>colloquentes,</span> <span class='ocrx_word' id='word_1_6' title='bbox 850 228 900 263; x_wconf 91' lang='lat' dir='ltr'>ut</span> <span class='ocrx_word' id='word_1_7' title='bbox 929 236 1015 263; x_wconf 92' lang='lat' dir='ltr'>non</span> <span class='ocrx_word' id='word_1_8' title='bbox 1053 222 1181 264; x_wconf 88' lang='lat' dir='ltr'>modo</span> <span class='ocrx_word' id='word_1_9' title='bbox 1219 221 1273 263; x_wconf 88' lang='lat' dir='ltr'>de</span> <span class='ocrx_word' id='word_1_10' title='bbox 1311 222 1425 264; x_wconf 90' lang='lat' dir='ltr'>omni</span> <span class='ocrx_word' id='word_1_11' title='bbox 1463 221 1633 277; x_wconf 64' lang='lat' dir='ltr'>legum&gt;</span> 
     </span>
     <span class='ocr_line' id='line_1_3' title="bbox 266 277 1603 341; baseline -0.003 -19"><span class='ocrx_word' id='word_1_12' title='bbox 266 282 392 336; x_wconf 87' lang='lat' dir='ltr'>copia</span> <span class='ocrx_word' id='word_1_13' title='bbox 439 288 481 322; x_wconf 86' lang='lat' dir='ltr'>et</span> <span class='ocrx_word' id='word_1_14' title='bbox 534 279 740 320; x_wconf 86' lang='lat' dir='ltr'>varietate</span> <span class='ocrx_word' id='word_1_15' title='bbox 790 291 1020 331; x_wconf 89' lang='lat' dir='ltr'>earumque</span> <span class='ocrx_word' id='word_1_16' title='bbox 1077 278 1317 319; x_wconf 87' lang='lat' dir='ltr'>rationibus</span> <span class='ocrx_word' id='word_1_17' title='bbox 1368 277 1603 341; x_wconf 85' lang='lat' dir='ltr'>disputent,</span> 
     </span>
     <span class='ocr_line' id='line_1_4' title="bbox 265 332 1604 386; baseline -0.003 -9"><span class='ocrx_word' id='word_1_18' title='bbox 265 351 413 377; x_wconf 85' lang='lat' dir='ltr'>verum</span> <span class='ocrx_word' id='word_1_19' title='bbox 454 341 564 376; x_wconf 89' lang='lat' dir='ltr'>etam</span> <span class='ocrx_word' id='word_1_20' title='bbox 606 332 766 374; x_wconf 81' lang='lat' dir='ltr'>seniles</span> <span class='ocrx_word' id='word_1_21' title='bbox 806 346 1022 374; x_wconf 84' lang='lat' dir='ltr'>sermones</span> <span class='ocrx_word' id='word_1_22' title='bbox 1052 348 1126 375; x_wconf 86' lang='lat' dir='ltr'>eos</span> <span class='ocrx_word' id='word_1_23' title='bbox 1155 333 1406 386; x_wconf 81' lang='lat' dir='ltr'>instituant,</span> <span class='ocrx_word' id='word_1_24' title='bbox 1438 334 1481 374; x_wconf 93' lang='lat' dir='ltr'>in</span> <span class='ocrx_word' id='word_1_25' title='bbox 1511 333 1604 386; x_wconf 89' lang='lat' dir='ltr'>qui-</span> 
     </span>
     <span class='ocr_line' id='line_1_5' title="bbox 265 388 1603 451; baseline -0.004 -17"><span class='ocrx_word' id='word_1_26' title='bbox 265 392 345 434; x_wconf 80' lang='lat' dir='ltr'>bus</span> <span class='ocrx_word' id='word_1_27' title='bbox 384 391 538 431; x_wconf 84' lang='lat' dir='ltr'>lenitas</span> <span class='ocrx_word' id='word_1_28' title='bbox 577 388 788 443; x_wconf 82' lang='lat' dir='ltr'><strong>quaedam</strong></span> <span class='ocrx_word' id='word_1_29' title='bbox 828 394 958 442; x_wconf 87' lang='lat' dir='ltr'>atque</span> <span class='ocrx_word' id='word_1_30' title='bbox 1001 389 1288 442; x_wconf 83' lang='lat' dir='ltr'>tranquillitas</span> <span class='ocrx_word' id='word_1_31' title='bbox 1330 403 1478 430; x_wconf 88' lang='lat' dir='ltr'>severa</span> <span class='ocrx_word' id='word_1_32' title='bbox 1507 403 1603 451; x_wconf 77' lang='lat' dir='ltr'>gra-</span> 
     </span>
     <span class='ocr_line' id='line_1_6' title="bbox 266 443 1604 499; baseline -0.001 -12"><span class='ocrx_word' id='word_1_33' title='bbox 266 448 397 487; x_wconf 87' lang='lat' dir='ltr'>vitate</span> <span class='ocrx_word' id='word_1_34' title='bbox 436 451 674 499; x_wconf 87' lang='lat' dir='ltr'>temperata</span> <span class='ocrx_word' id='word_1_35' title='bbox 710 450 921 486; x_wconf 77' lang='lat' dir='ltr'>cernatur.</span> <span class='ocrx_word' id='word_1_36' title='bbox 1001 443 1123 496; x_wconf 89' lang='lat' dir='ltr'>Quae</span> <span class='ocrx_word' id='word_1_37' title='bbox 1175 444 1349 499; x_wconf 89' lang='lat' dir='ltr'>quidem</span> <span class='ocrx_word' id='word_1_38' title='bbox 1396 443 1604 486; x_wconf 87' lang='lat' dir='ltr'>sermonis</span> 
     </span>
     <span class='ocr_line' id='line_1_7' title="bbox 266 499 1603 555; baseline -0.002 -13"><span class='ocrx_word' id='word_1_39' title='bbox 266 503 403 543; x_wconf 85' lang='lat' dir='ltr'>forma</span> <span class='ocrx_word' id='word_1_40' title='bbox 441 507 571 554; x_wconf 86' lang='lat' dir='ltr'>atque</span> <span class='ocrx_word' id='word_1_41' title='bbox 611 500 780 555; x_wconf 88' lang='lat' dir='ltr'>species</span> <span class='ocrx_word' id='word_1_42' title='bbox 819 506 1026 553; x_wconf 89' lang='lat' dir='ltr'>quantum</span> <span class='ocrx_word' id='word_1_43' title='bbox 1057 499 1227 542; x_wconf 86' lang='lat' dir='ltr'>diversa</span> <span class='ocrx_word' id='word_1_44' title='bbox 1257 500 1313 541; x_wconf 89' lang='lat' dir='ltr'>sit</span> <span class='ocrx_word' id='word_1_45' title='bbox 1343 500 1396 541; x_wconf 88' lang='lat' dir='ltr'>ab</span> <span class='ocrx_word' id='word_1_46' title='bbox 1423 500 1603 540; x_wconf 89' lang='lat' dir='ltr'>aliorum</span> 
     </span>
     <span class='ocr_line' id='line_1_8' title="bbox 266 555 1602 610; baseline -0.002 -12"><span class='ocrx_word' id='word_1_47' title='bbox 266 571 510 598; x_wconf 84' lang='lat' dir='ltr'>sermonum</span> <span class='ocrx_word' id='word_1_48' title='bbox 553 555 874 597; x_wconf 87' lang='lat' dir='ltr'>Platonicorum</span> <span class='ocrx_word' id='word_1_49' title='bbox 914 556 1168 608; x_wconf 86' lang='lat' dir='ltr'>rationibus,</span> <span class='ocrx_word' id='word_1_50' title='bbox 1209 561 1364 609; x_wconf 87' lang='lat' dir='ltr'>sponte</span> <span class='ocrx_word' id='word_1_51' title='bbox 1409 561 1602 610; x_wconf 86' lang='lat' dir='ltr'>apparet.</span> 
     </span>
     <span class='ocr_line' id='line_1_9' title="bbox 269 610 1603 675; baseline -0.001 -23"><span class='ocrx_word' id='word_1_52' title='bbox 269 612 530 668; x_wconf 83' lang='lat' dir='ltr'>Intelligitur</span> <span class='ocrx_word' id='word_1_53' title='bbox 566 627 667 652; x_wconf 85' lang='lat' dir='ltr'>vero</span> <span class='ocrx_word' id='word_1_54' title='bbox 706 612 831 663; x_wconf 84' lang='lat' dir='ltr'>item,</span> <span class='ocrx_word' id='word_1_55' title='bbox 873 625 1000 664; x_wconf 90' lang='lat' dir='ltr'>quam</span> <span class='ocrx_word' id='word_1_56' title='bbox 1035 627 1086 652; x_wconf 86' lang='lat' dir='ltr'>ea</span> <span class='ocrx_word' id='word_1_57' title='bbox 1124 611 1178 652; x_wconf 90' lang='lat' dir='ltr'>ad</span> <span class='ocrx_word' id='word_1_58' title='bbox 1207 610 1498 675; x_wconf 68' lang='lat' dir='ltr'>effingendum</span> <span class='ocrx_word' id='word_1_59' title='bbox 1522 625 1603 651; x_wconf 83' lang='lat' dir='ltr'>na-</span> 
     </span>
     <span class='ocr_line' id='line_1_10' title="bbox 269 667 1602 729; baseline -0.002 -20"><span class='ocrx_word' id='word_1_60' title='bbox 269 677 364 709; x_wconf 83' lang='lat' dir='ltr'>tura</span> <span class='ocrx_word' id='word_1_61' title='bbox 392 682 469 709; x_wconf 86' lang='lat' dir='ltr'>sua</span> <span class='ocrx_word' id='word_1_62' title='bbox 499 667 690 708; x_wconf 83' lang='lat' dir='ltr'>difficilis</span> <span class='ocrx_word' id='word_1_63' title='bbox 727 667 882 719; x_wconf 73' lang='lat' dir='ltr'>fuerit,</span> <span class='ocrx_word' id='word_1_64' title='bbox 906 667 1172 729; x_wconf 86' lang='lat' dir='ltr'>praesertim</span> <span class='ocrx_word' id='word_1_65' title='bbox 1214 667 1333 719; x_wconf 83' lang='lat' dir='ltr'>seni,</span> <span class='ocrx_word' id='word_1_66' title='bbox 1383 681 1470 708; x_wconf 90' lang='lat' dir='ltr'>non</span> <span class='ocrx_word' id='word_1_67' title='bbox 1516 681 1602 707; x_wconf 87' lang='lat' dir='ltr'>am-</span> 
     </span>
     <span class='ocr_line' id='line_1_11' title="bbox 266 698 1601 779; baseline -0.001 -15"><span class='ocrx_word' id='word_1_68' title='bbox 266 723 378 779; x_wconf 89' lang='lat' dir='ltr'>plius</span> <span class='ocrx_word' id='word_1_69' title='bbox 426 723 500 764; x_wconf 90' lang='lat' dir='ltr'>illo</span> <span class='ocrx_word' id='word_1_70' title='bbox 548 723 704 768; x_wconf 80' lang='lat' dir='ltr'>mentis</span> <span class='ocrx_word' id='word_1_71' title='bbox 753 698 1002 777; x_wconf 80' lang='lat' dir='ltr'>ingeriiique</span> <span class='ocrx_word' id='word_1_72' title='bbox 1048 724 1196 778; x_wconf 81' lang='lat' dir='ltr'>vigore</span> <span class='ocrx_word' id='word_1_73' title='bbox 1246 722 1448 776; x_wconf 87' lang='lat' dir='ltr'>pollenti,</span> <span class='ocrx_word' id='word_1_74' title='bbox 1497 736 1601 775; x_wconf 82' lang='lat' dir='ltr'>qua-</span> 
     </span>
     <span class='ocr_line' id='line_1_12' title="bbox 264 777 1602 832; baseline -0.001 -13"><span class='ocrx_word' id='word_1_75' title='bbox 264 780 318 821; x_wconf 86' lang='lat' dir='ltr'>lis</span> <span class='ocrx_word' id='word_1_76' title='bbox 368 792 471 820; x_wconf 89' lang='lat' dir='ltr'>sane</span> <span class='ocrx_word' id='word_1_77' title='bbox 510 778 564 819; x_wconf 89' lang='lat' dir='ltr'>ad</span> <span class='ocrx_word' id='word_1_78' title='bbox 603 785 769 819; x_wconf 85' lang='lat' dir='ltr'>tantum</span> <span class='ocrx_word' id='word_1_79' title='bbox 814 793 967 819; x_wconf 90' lang='lat' dir='ltr'>munus</span> <span class='ocrx_word' id='word_1_80' title='bbox 1012 779 1093 819; x_wconf 87' lang='lat' dir='ltr'>rite</span> <span class='ocrx_word' id='word_1_81' title='bbox 1138 777 1445 832; x_wconf 87' lang='lat' dir='ltr'>perficiendum</span> <span class='ocrx_word' id='word_1_82' title='bbox 1494 791 1602 831; x_wconf 87' lang='lat' dir='ltr'>opus</span> 
     </span>
     <span class='ocr_line' id='line_1_13' title="bbox 266 832 1601 888; baseline -0.002 -13"><span class='ocrx_word' id='word_1_83' title='bbox 266 835 398 876; x_wconf 88' lang='lat' dir='ltr'>fuisse</span> <span class='ocrx_word' id='word_1_84' title='bbox 440 833 622 876; x_wconf 84' lang='lat' dir='ltr'>videtur.</span> <span class='ocrx_word' id='word_1_85' title='bbox 704 833 822 885; x_wconf 85' lang='lat' dir='ltr'>Quid</span> <span class='ocrx_word' id='word_1_86' title='bbox 860 833 993 887; x_wconf 75' lang='lat' dir='ltr'>igitur</span> <span class='ocrx_word' id='word_1_87' title='bbox 1033 834 1207 887; x_wconf 90' lang='lat' dir='ltr'>mirum,</span> <span class='ocrx_word' id='word_1_88' title='bbox 1263 833 1297 874; x_wconf 91' lang='lat' dir='ltr'>si</span> <span class='ocrx_word' id='word_1_89' title='bbox 1348 833 1507 888; x_wconf 90' lang='lat' dir='ltr'>passim</span> <span class='ocrx_word' id='word_1_90' title='bbox 1556 832 1601 872; x_wconf 92' lang='lat' dir='ltr'>in</span> 
     </span>
     <span class='ocr_line' id='line_1_14' title="bbox 266 888 1601 953; baseline -0.001 -22"><span class='ocrx_word' id='word_1_91' title='bbox 266 891 460 946; x_wconf 84' lang='lat' dir='ltr'>Legibus</span> <span class='ocrx_word' id='word_1_92' title='bbox 504 889 802 953; x_wconf 81' lang='lat' dir='ltr'>aequabilitas</span> <span class='ocrx_word' id='word_1_93' title='bbox 833 889 1037 931; x_wconf 87' lang='lat' dir='ltr'>orationis</span> <span class='ocrx_word' id='word_1_94' title='bbox 1079 891 1141 930; x_wconf 87' lang='lat' dir='ltr'>ita</span> <span class='ocrx_word' id='word_1_95' title='bbox 1200 888 1492 941; x_wconf 82' lang='lat' dir='ltr'>desideratur,</span> <span class='ocrx_word' id='word_1_96' title='bbox 1552 895 1601 929; x_wconf 90' lang='lat' dir='ltr'>ut</span> 
     </span>
     <span class='ocr_line' id='line_1_15' title="bbox 267 944 1599 1009; baseline -0.002 -22"><span class='ocrx_word' id='word_1_97' title='bbox 267 952 453 1002; x_wconf 84' lang='lat' dir='ltr'>cognata</span> <span class='ocrx_word' id='word_1_98' title='bbox 482 945 713 986; x_wconf 86' lang='lat' dir='ltr'>virtutibus</span> <span class='ocrx_word' id='word_1_99' title='bbox 746 946 850 986; x_wconf 85' lang='lat' dir='ltr'>vitia</span> <span class='ocrx_word' id='word_1_100' title='bbox 879 944 1064 986; x_wconf 87' lang='lat' dir='ltr'>admissa</span> <span class='ocrx_word' id='word_1_101' title='bbox 1094 945 1208 986; x_wconf 83' lang='lat' dir='ltr'>sint?</span> <span class='ocrx_word' id='word_1_102' title='bbox 1266 950 1332 994; x_wconf 82' lang='lat' dir='ltr'>Ac</span> <span class='ocrx_word' id='word_1_103' title='bbox 1362 951 1599 1009; x_wconf 87' lang='lat' dir='ltr'>potuerunt</span> 
     </span>
     <span class='ocr_line' id='line_1_16' title="bbox 267 1000 1598 1066; baseline -0.002 -24"><span class='ocrx_word' id='word_1_104' title='bbox 267 1003 463 1066; x_wconf 76' lang='lat' dir='ltr'>profecto</span> <span class='ocrx_word' id='word_1_105' title='bbox 500 1001 606 1042; x_wconf 86' lang='lat' dir='ltr'>talia</span> <span class='ocrx_word' id='word_1_106' title='bbox 643 1000 748 1041; x_wconf 85' lang='lat' dir='ltr'>vitia</span> <span class='ocrx_word' id='word_1_107' title='bbox 785 1006 907 1041; x_wconf 89' lang='lat' dir='ltr'>tanto</span> <span class='ocrx_word' id='word_1_108' title='bbox 950 1001 1119 1041; x_wconf 74' lang='lat' dir='ltr'>facilius</span> <span class='ocrx_word' id='word_1_109' title='bbox 1150 1001 1359 1064; x_wconf 81' lang='lat' dir='ltr'>irrepere,</span> <span class='ocrx_word' id='word_1_110' title='bbox 1400 1000 1437 1040; x_wconf 93' lang='lat' dir='ltr'>si</span> <span class='ocrx_word' id='word_1_111' title='bbox 1468 1014 1598 1041; x_wconf 85' lang='lat' dir='ltr'>senex</span> 
     </span>
     <span class='ocr_line' id='line_1_17' title="bbox 205 1054 1600 1112; baseline -0.002 -14"><span class='ocrx_word' id='word_1_112' title='bbox 205 1064 213 1069; x_wconf 89' lang='lat'>&#39;</span> <span class='ocrx_word' id='word_1_113' title='bbox 267 1057 453 1112; x_wconf 84' lang='lat' dir='ltr'>scriptor</span> <span class='ocrx_word' id='word_1_114' title='bbox 513 1057 796 1098; x_wconf 85' lang='lat' dir='ltr'>constituerat</span> <span class='ocrx_word' id='word_1_115' title='bbox 855 1062 994 1097; x_wconf 85' lang='lat' dir='ltr'>totum</span> <span class='ocrx_word' id='word_1_116' title='bbox 1049 1071 1157 1111; x_wconf 85' lang='lat' dir='ltr'>opus</span> <span class='ocrx_word' id='word_1_117' title='bbox 1196 1057 1377 1110; x_wconf 86' lang='lat' dir='ltr'>primurn</span> <span class='ocrx_word' id='word_1_118' title='bbox 1422 1054 1600 1096; x_wconf 78' lang='lat' dir='ltr'>fundere</span> 
     </span>
     <span class='ocr_line' id='line_1_18' title="bbox 266 1111 1600 1166; baseline -0.001 -13"><span class='ocrx_word' id='word_1_119' title='bbox 266 1113 467 1165; x_wconf 81' lang='lat' dir='ltr'>liberius,</span> <span class='ocrx_word' id='word_1_120' title='bbox 512 1128 562 1153; x_wconf 93' lang='lat' dir='ltr'>eo</span> <span class='ocrx_word' id='word_1_121' title='bbox 594 1111 767 1166; x_wconf 91' lang='lat' dir='ltr'>quidem</span> <span class='ocrx_word' id='word_1_122' title='bbox 797 1111 999 1164; x_wconf 86' lang='lat' dir='ltr'>consilio,</span> <span class='ocrx_word' id='word_1_123' title='bbox 1031 1119 1079 1152; x_wconf 87' lang='lat' dir='ltr'>ut</span> <span class='ocrx_word' id='word_1_124' title='bbox 1109 1118 1262 1166; x_wconf 88' lang='lat' dir='ltr'>postea</span> <span class='ocrx_word' id='word_1_125' title='bbox 1290 1111 1455 1152; x_wconf 85' lang='lat' dir='ltr'>iteratis</span> <span class='ocrx_word' id='word_1_126' title='bbox 1486 1111 1600 1152; x_wconf 88' lang='lat' dir='ltr'>curis</span> 
     </span>
     <span class='ocr_line' id='line_1_19' title="bbox 266 1144 1600 1225; baseline -0.001 -17"><span class='ocrx_word' id='word_1_127' title='bbox 266 1167 374 1209; x_wconf 91' lang='lat' dir='ltr'>illud</span> <span class='ocrx_word' id='word_1_128' title='bbox 411 1144 599 1220; x_wconf 68' lang='lat' dir='ltr'>limaret,</span> <span class='ocrx_word' id='word_1_129' title='bbox 650 1166 919 1219; x_wconf 80' lang='lat' dir='ltr'>emendaret,</span> <span class='ocrx_word' id='word_1_130' title='bbox 975 1168 1222 1222; x_wconf 88' lang='lat' dir='ltr'>perpoliret.</span> <span class='ocrx_word' id='word_1_131' title='bbox 1300 1167 1468 1225; x_wconf 83' lang='lat' dir='ltr'>Nempe</span> <span class='ocrx_word' id='word_1_132' title='bbox 1516 1166 1600 1208; x_wconf 88' lang='lat' dir='ltr'>isto</span> 
     </span>
     <span class='ocr_line' id='line_1_20' title="bbox 266 1222 1599 1286; baseline -0.002 -22"><span class='ocrx_word' id='word_1_133' title='bbox 266 1223 393 1264; x_wconf 89' lang='lat' dir='ltr'>modo</span> <span class='ocrx_word' id='word_1_134' title='bbox 434 1223 560 1264; x_wconf 85' lang='lat' dir='ltr'>facile</span> <span class='ocrx_word' id='word_1_135' title='bbox 597 1222 699 1286; x_wconf 90' lang='lat' dir='ltr'>ipse</span> <span class='ocrx_word' id='word_1_136' title='bbox 721 1223 802 1264; x_wconf 91' lang='lat' dir='ltr'>sibi</span> <span class='ocrx_word' id='word_1_137' title='bbox 832 1222 1035 1276; x_wconf 87' lang='lat' dir='ltr'>indulsit,</span> <span class='ocrx_word' id='word_1_138' title='bbox 1075 1238 1185 1276; x_wconf 88' lang='lat' dir='ltr'>quae</span> <span class='ocrx_word' id='word_1_139' title='bbox 1214 1222 1354 1264; x_wconf 89' lang='lat' dir='ltr'>minus</span> <span class='ocrx_word' id='word_1_140' title='bbox 1383 1228 1599 1273; x_wconf 82' lang='lat' dir='ltr'>accurata,</span> 
     </span>
     <span class='ocr_line' id='line_1_21' title="bbox 265 1277 1599 1334; baseline -0.002 -13"><span class='ocrx_word' id='word_1_141' title='bbox 265 1280 407 1321; x_wconf 88' lang='lat' dir='ltr'>minus</span> <span class='ocrx_word' id='word_1_142' title='bbox 447 1279 606 1334; x_wconf 87' lang='lat' dir='ltr'>polita,</span> <span class='ocrx_word' id='word_1_143' title='bbox 646 1278 785 1320; x_wconf 90' lang='lat' dir='ltr'>minus</span> <span class='ocrx_word' id='word_1_144' title='bbox 817 1277 1003 1333; x_wconf 88' lang='lat' dir='ltr'>denique</span> <span class='ocrx_word' id='word_1_145' title='bbox 1033 1285 1151 1320; x_wconf 85' lang='lat' dir='ltr'>reeta</span> <span class='ocrx_word' id='word_1_146' title='bbox 1180 1285 1307 1332; x_wconf 89' lang='lat' dir='ltr'>atque</span> <span class='ocrx_word' id='word_1_147' title='bbox 1337 1278 1505 1319; x_wconf 85' lang='lat' dir='ltr'>sincera</span> <span class='ocrx_word' id='word_1_148' title='bbox 1534 1291 1599 1318; x_wconf 90' lang='lat' dir='ltr'>es-</span> 
     </span>
     <span class='ocr_line' id='line_1_22' title="bbox 265 1333 1599 1397; baseline -0.002 -20"><span class='ocrx_word' id='word_1_149' title='bbox 265 1341 382 1387; x_wconf 85' lang='lat' dir='ltr'>sent,</span> <span class='ocrx_word' id='word_1_150' title='bbox 423 1333 728 1377; x_wconf 84' lang='lat' dir='ltr'>emendaturus</span> <span class='ocrx_word' id='word_1_151' title='bbox 767 1339 943 1388; x_wconf 87' lang='lat' dir='ltr'>postea,</span> <span class='ocrx_word' id='word_1_152' title='bbox 975 1349 1083 1387; x_wconf 87' lang='lat' dir='ltr'>quae</span> <span class='ocrx_word' id='word_1_153' title='bbox 1112 1334 1292 1397; x_wconf 70' lang='lat' dir='ltr'>primum</span> <span class='ocrx_word' id='word_1_154' title='bbox 1341 1333 1515 1375; x_wconf 89' lang='lat' dir='ltr'>liberius</span> <span class='ocrx_word' id='word_1_155' title='bbox 1554 1334 1599 1374; x_wconf 92' lang='lat' dir='ltr'>in</span> 
     </span>
     <span class='ocr_line' id='line_1_23' title="bbox 264 1387 1600 1443; baseline -0.001 -12"><span class='ocrx_word' id='word_1_156' title='bbox 264 1391 430 1431; x_wconf 83' lang='lat' dir='ltr'>litteras</span> <span class='ocrx_word' id='word_1_157' title='bbox 469 1390 699 1431; x_wconf 79' lang='lat' dir='ltr'>ietulisset.</span> <span class='ocrx_word' id='word_1_158' title='bbox 757 1389 1016 1431; x_wconf 82' lang='lat' dir='ltr'>Remansere</span> <span class='ocrx_word' id='word_1_159' title='bbox 1058 1387 1198 1431; x_wconf 82' lang='grc'>81118111</span> <span class='ocrx_word' id='word_1_160' title='bbox 1236 1389 1321 1430; x_wconf 89' lang='grc'>1818</span> <span class='ocrx_word' id='word_1_161' title='bbox 1351 1389 1495 1430; x_wconf 80' lang='lat' dir='ltr'>omnia</span> <span class='ocrx_word' id='word_1_162' title='bbox 1523 1404 1600 1443; x_wconf 91' lang='lat' dir='ltr'>po-</span> 
     </span>
     <span class='ocr_line' id='line_1_24' title="bbox 266 1444 1598 1509; baseline -0.001 -23"><span class='ocrx_word' id='word_1_163' title='bbox 266 1452 380 1498; x_wconf 83' lang='lat' dir='ltr'>stea,</span> <span class='ocrx_word' id='word_1_164' title='bbox 433 1444 781 1509; x_wconf 82' lang='lat' dir='ltr'>quandoquidem</span> <span class='ocrx_word' id='word_1_165' title='bbox 833 1445 911 1486; x_wconf 83' lang='lat' dir='ltr'>fati</span> <span class='ocrx_word' id='word_1_166' title='bbox 959 1445 1185 1499; x_wconf 84' lang='lat' dir='ltr'>iniquitate</span> <span class='ocrx_word' id='word_1_167' title='bbox 1232 1445 1471 1500; x_wconf 89' lang='lat' dir='ltr'>prohibitus</span> <span class='ocrx_word' id='word_1_168' title='bbox 1520 1450 1598 1496; x_wconf 88' lang='lat' dir='ltr'>est,</span> 
     </span>
     <span class='ocr_line' id='line_1_25' title="bbox 265 1475 1600 1556; baseline -0.002 -13"><span class='ocrx_word' id='word_1_169' title='bbox 265 1501 494 1556; x_wconf 82' lang='lat' dir='ltr'>quominus</span> <span class='ocrx_word' id='word_1_170' title='bbox 523 1501 723 1543; x_wconf 90' lang='lat' dir='ltr'>universo</span> <span class='ocrx_word' id='word_1_171' title='bbox 754 1501 874 1555; x_wconf 89' lang='lat' dir='ltr'>operi</span> <span class='ocrx_word' id='word_1_172' title='bbox 907 1507 1135 1542; x_wconf 81' lang='lat' dir='ltr'>extremam</span> <span class='ocrx_word' id='word_1_173' title='bbox 1166 1501 1308 1542; x_wconf 87' lang='lat' dir='ltr'>limam</span> <span class='ocrx_word' id='word_1_174' title='bbox 1339 1475 1600 1541; x_wconf 74' lang='lat' dir='ltr'>admoveret&#39;.</span> 
     </span>
    </p>
   </div>
   <div class='ocr_carea' id='block_1_3' title="bbox 264 1577 1598 2079">
    <p class='ocr_par' dir='ltr' id='par_1_3' title="bbox 264 1577 1598 2079">
     <span class='ocr_line' id='line_1_26' title="bbox 378 1577 1598 1620; baseline -0.001 -1"><span class='ocrx_word' id='word_1_175' title='bbox 378 1579 472 1620; x_wconf 90' lang='lat' dir='ltr'>Nec</span> <span class='ocrx_word' id='word_1_176' title='bbox 513 1594 614 1620; x_wconf 86' lang='lat' dir='ltr'>vero</span> <span class='ocrx_word' id='word_1_177' title='bbox 652 1578 777 1620; x_wconf 90' lang='lat' dir='ltr'>aliter</span> <span class='ocrx_word' id='word_1_178' title='bbox 817 1579 1024 1620; x_wconf 89' lang='lat' dir='ltr'>sentimus</span> <span class='ocrx_word' id='word_1_179' title='bbox 1072 1578 1125 1620; x_wconf 90' lang='lat' dir='ltr'>de</span> <span class='ocrx_word' id='word_1_180' title='bbox 1174 1578 1338 1620; x_wconf 87' lang='lat' dir='ltr'>caussis</span> <span class='ocrx_word' id='word_1_181' title='bbox 1385 1577 1598 1619; x_wconf 86' lang='lat' dir='ltr'>liberioris</span> 
     </span>
     <span class='ocr_line' id='line_1_27' title="bbox 265 1633 1597 1698; baseline -0.001 -23"><span class='ocrx_word' id='word_1_182' title='bbox 265 1648 315 1675; x_wconf 86' lang='lat' dir='ltr'>ac</span> <span class='ocrx_word' id='word_1_183' title='bbox 352 1634 680 1698; x_wconf 82' lang='lat' dir='ltr'>negligentioris</span> <span class='ocrx_word' id='word_1_184' title='bbox 720 1633 994 1689; x_wconf 86' lang='lat' dir='ltr'>periodorum</span> <span class='ocrx_word' id='word_1_185' title='bbox 1034 1641 1278 1676; x_wconf 85' lang='lat' dir='ltr'>structurae</span> <span class='ocrx_word' id='word_1_186' title='bbox 1317 1640 1446 1687; x_wconf 88' lang='lat' dir='ltr'>atque</span> <span class='ocrx_word' id='word_1_187' title='bbox 1476 1647 1597 1688; x_wconf 87' lang='lat' dir='ltr'>aspe-</span> 
     </span>
     <span class='ocr_line' id='line_1_28' title="bbox 264 1671 1597 1753; baseline -0.001 -23"><span class='ocrx_word' id='word_1_188' title='bbox 264 1689 404 1730; x_wconf 87' lang='lat' dir='ltr'>ritatis</span> <span class='ocrx_word' id='word_1_189' title='bbox 435 1671 566 1743; x_wconf 85' lang='grc'>1111118,</span> <span class='ocrx_word' id='word_1_190' title='bbox 596 1705 707 1753; x_wconf 79' lang='lat' dir='ltr'>quae</span> <span class='ocrx_word' id='word_1_191' title='bbox 736 1689 807 1731; x_wconf 90' lang='grc'>1110</span> <span class='ocrx_word' id='word_1_192' title='bbox 838 1695 880 1731; x_wconf 86' lang='grc'>81</span> <span class='ocrx_word' id='word_1_193' title='bbox 909 1690 994 1730; x_wconf 89' lang='grc'>11110</span> <span class='ocrx_word' id='word_1_194' title='bbox 1023 1691 1068 1731; x_wconf 87' lang='grc'>111</span> <span class='ocrx_word' id='word_1_195' title='bbox 1097 1690 1230 1731; x_wconf 90' lang='lat' dir='ltr'>totius</span> <span class='ocrx_word' id='word_1_196' title='bbox 1260 1689 1465 1730; x_wconf 87' lang='lat' dir='ltr'>orationis</span> <span class='ocrx_word' id='word_1_197' title='bbox 1496 1703 1597 1730; x_wconf 90' lang='lat' dir='ltr'>con·</span> 
     </span>
     <span class='ocr_line' id='line_1_29' title="bbox 264 1744 1596 1800; baseline -0.001 -14"><span class='ocrx_word' id='word_1_198' title='bbox 264 1746 517 1786; x_wconf 83' lang='lat' dir='ltr'>formatione</span> <span class='ocrx_word' id='word_1_199' title='bbox 557 1746 756 1787; x_wconf 89' lang='lat' dir='ltr'>cernitur.</span> <span class='ocrx_word' id='word_1_200' title='bbox 826 1745 994 1800; x_wconf 87' lang='lat' dir='ltr'>Nempe</span> <span class='ocrx_word' id='word_1_201' title='bbox 1042 1745 1227 1787; x_wconf 88' lang='lat' dir='ltr'>coniecit</span> <span class='ocrx_word' id='word_1_202' title='bbox 1275 1745 1401 1786; x_wconf 86' lang='lat' dir='ltr'>Plato</span> <span class='ocrx_word' id='word_1_203' title='bbox 1452 1744 1596 1786; x_wconf 87' lang='lat' dir='ltr'>subito</span> 
     </span>
     <span class='ocr_line' id='line_1_30' title="bbox 266 1799 1595 1855; baseline -0.002 -14"><span class='ocrx_word' id='word_1_204' title='bbox 266 1802 310 1841; x_wconf 90' lang='lat' dir='ltr'>in</span> <span class='ocrx_word' id='word_1_205' title='bbox 349 1801 517 1842; x_wconf 80' lang='lat' dir='ltr'>chartas</span> <span class='ocrx_word' id='word_1_206' title='bbox 557 1801 624 1842; x_wconf 90' lang='lat' dir='ltr'>vel</span> <span class='ocrx_word' id='word_1_207' title='bbox 666 1801 792 1842; x_wconf 89' lang='lat' dir='ltr'>etiam</span> <span class='ocrx_word' id='word_1_208' title='bbox 822 1815 945 1842; x_wconf 84' lang='lat' dir='ltr'>cerae</span> <span class='ocrx_word' id='word_1_209' title='bbox 975 1801 1189 1842; x_wconf 89' lang='lat' dir='ltr'>commisit</span> <span class='ocrx_word' id='word_1_210' title='bbox 1219 1815 1328 1855; x_wconf 87' lang='lat' dir='ltr'>quae</span> <span class='ocrx_word' id='word_1_211' title='bbox 1358 1799 1475 1854; x_wconf 88' lang='lat' dir='ltr'>apud</span> <span class='ocrx_word' id='word_1_212' title='bbox 1505 1800 1595 1840; x_wconf 89' lang='lat' dir='ltr'>ani-</span> 
     </span>
     <span class='ocr_line' id='line_1_31' title="bbox 265 1855 1594 1920; baseline -0.001 -24"><span class='ocrx_word' id='word_1_213' title='bbox 265 1871 379 1897; x_wconf 89' lang='lat' dir='ltr'>mum</span> <span class='ocrx_word' id='word_1_214' title='bbox 418 1862 726 1898; x_wconf 85' lang='lat' dir='ltr'>commentatus</span> <span class='ocrx_word' id='word_1_215' title='bbox 764 1862 879 1910; x_wconf 87' lang='lat' dir='ltr'>erat,</span> <span class='ocrx_word' id='word_1_216' title='bbox 926 1856 1056 1920; x_wconf 41' lang='lat' dir='ltr'>idq-ue</span> <span class='ocrx_word' id='word_1_217' title='bbox 1105 1871 1155 1898; x_wconf 92' lang='lat' dir='ltr'>eo</span> <span class='ocrx_word' id='word_1_218' title='bbox 1195 1855 1323 1897; x_wconf 89' lang='lat' dir='ltr'>modo</span> <span class='ocrx_word' id='word_1_219' title='bbox 1362 1855 1489 1908; x_wconf 87' lang='lat' dir='ltr'>fecit,</span> <span class='ocrx_word' id='word_1_220' title='bbox 1531 1861 1594 1907; x_wconf 90' lang='lat' dir='ltr'>ut,</span> 
     </span>
     <span class='ocr_line' id='line_1_32' title="bbox 265 1910 1594 1965; baseline 0 -14"><span class='ocrx_word' id='word_1_221' title='bbox 265 1927 395 1965; x_wconf 89' lang='lat' dir='ltr'>quum</span> <span class='ocrx_word' id='word_1_222' title='bbox 426 1927 580 1953; x_wconf 89' lang='lat' dir='ltr'>novam</span> <span class='ocrx_word' id='word_1_223' title='bbox 611 1911 828 1953; x_wconf 89' lang='lat' dir='ltr'>scribendi</span> <span class='ocrx_word' id='word_1_224' title='bbox 858 1913 1079 1953; x_wconf 85' lang='lat' dir='ltr'>materiam</span> <span class='ocrx_word' id='word_1_225' title='bbox 1111 1912 1338 1953; x_wconf 87' lang='lat' dir='ltr'>sumsisset</span> <span class='ocrx_word' id='word_1_226' title='bbox 1375 1910 1594 1952; x_wconf 86' lang='lat' dir='ltr'>difficilius</span> 
     </span>
     <span class='ocr_line' id='line_1_33' title="bbox 264 1966 1595 2020; baseline -0.002 -12"><span class='ocrx_word' id='word_1_227' title='bbox 264 1967 555 2020; x_wconf 82' lang='lat' dir='ltr'>tractandam,</span> <span class='ocrx_word' id='word_1_228' title='bbox 587 1974 677 2008; x_wconf 87' lang='lat' dir='ltr'>tum</span> <span class='ocrx_word' id='word_1_229' title='bbox 709 1968 836 2008; x_wconf 86' lang='lat' dir='ltr'>etiam</span> <span class='ocrx_word' id='word_1_230' title='bbox 876 1982 1115 2019; x_wconf 84' lang='lat' dir='ltr'>sermonem</span> <span class='ocrx_word' id='word_1_231' title='bbox 1143 1967 1287 2020; x_wconf 85' lang='lat' dir='ltr'>talem,</span> <span class='ocrx_word' id='word_1_232' title='bbox 1321 1966 1489 2020; x_wconf 90' lang='lat' dir='ltr'>qualem</span> <span class='ocrx_word' id='word_1_233' title='bbox 1521 1981 1595 2007; x_wconf 89' lang='lat' dir='ltr'>an-</span> 
     </span>
     <span class='ocr_line' id='line_1_34' title="bbox 264 2021 1468 2079; baseline -0.001 -16"><span class='ocrx_word' id='word_1_234' title='bbox 264 2031 331 2064; x_wconf 82' lang='lat' dir='ltr'>tea</span> <span class='ocrx_word' id='word_1_235' title='bbox 361 2022 733 2076; x_wconf 87' lang='lat' dir='ltr'>adumbravimus,</span> <span class='ocrx_word' id='word_1_236' title='bbox 766 2023 995 2065; x_wconf 88' lang='lat' dir='ltr'>artificiose</span> <span class='ocrx_word' id='word_1_237' title='bbox 1026 2023 1232 2079; x_wconf 87' lang='lat' dir='ltr'>effingere</span> <span class='ocrx_word' id='word_1_238' title='bbox 1264 2021 1468 2064; x_wconf 88' lang='lat' dir='ltr'>studeret.</span> 
     </span>
    </p>
   </div>
   <div class='ocr_carea' id='block_1_4' title="bbox 263 2110 1594 2667">
    <p class='ocr_par' dir='ltr' id='par_1_4' title="bbox 263 2110 1594 2667">
     <span class='ocr_line' id='line_1_35' title="bbox 377 2110 1594 2175; baseline 0 -23"><span class='ocrx_word' id='word_1_239' title='bbox 377 2111 595 2163; x_wconf 84' lang='lat' dir='ltr'>Quocirca</span> <span class='ocrx_word' id='word_1_240' title='bbox 627 2111 762 2153; x_wconf 89' lang='lat' dir='ltr'>multa</span> <span class='ocrx_word' id='word_1_241' title='bbox 799 2112 973 2175; x_wconf 86' lang='lat' dir='ltr'>scripsit</span> <span class='ocrx_word' id='word_1_242' title='bbox 1010 2118 1158 2168; x_wconf 87' lang='lat' dir='ltr'>gratae</span> <span class='ocrx_word' id='word_1_243' title='bbox 1194 2110 1422 2166; x_wconf 88' lang='lat' dir='ltr'>indulgens</span> <span class='ocrx_word' id='word_1_244' title='bbox 1459 2111 1594 2166; x_wconf 87' lang='lat' dir='ltr'>negli—</span> 
     </span>
     <span class='ocr_line' id='line_1_36' title="bbox 263 2166 1593 2230; baseline 0 -22"><span class='ocrx_word' id='word_1_245' title='bbox 263 2167 455 2223; x_wconf 80' lang='lat' dir='ltr'>gentiae3</span> <span class='ocrx_word' id='word_1_246' title='bbox 486 2167 620 2208; x_wconf 88' lang='lat' dir='ltr'>multa</span> <span class='ocrx_word' id='word_1_247' title='bbox 654 2167 755 2230; x_wconf 79' lang='lat' dir='ltr'>item</span> <span class='ocrx_word' id='word_1_248' title='bbox 803 2183 942 2210; x_wconf 79' lang='lat' dir='ltr'>minus</span> <span class='ocrx_word' id='word_1_249' title='bbox 971 2169 1188 2210; x_wconf 83' lang='lat' dir='ltr'>elaborata</span> <span class='ocrx_word' id='word_1_250' title='bbox 1218 2167 1359 2217; x_wconf 83' lang='lat' dir='ltr'>dedit3</span> <span class='ocrx_word' id='word_1_251' title='bbox 1408 2166 1593 2221; x_wconf 89' lang='lat' dir='ltr'>denique</span> 
     </span>
     <span class='ocr_line' id='line_1_37' title="bbox 263 2199 1593 2279; baseline 0 -16"><span class='ocrx_word' id='word_1_252' title='bbox 263 2202 468 2264; x_wconf 81' lang='lat' dir='ltr'>nonnulla</span> <span class='ocrx_word' id='word_1_253' title='bbox 497 2223 624 2263; x_wconf 88' lang='lat' dir='ltr'>etiam</span> <span class='ocrx_word' id='word_1_254' title='bbox 653 2222 794 2264; x_wconf 89' lang='lat' dir='ltr'>minus</span> <span class='ocrx_word' id='word_1_255' title='bbox 822 2223 1017 2266; x_wconf 86' lang='lat' dir='ltr'>sollerter</span> <span class='ocrx_word' id='word_1_256' title='bbox 1044 2223 1180 2279; x_wconf 89' lang='lat' dir='ltr'>polita</span> <span class='ocrx_word' id='word_1_257' title='bbox 1207 2199 1395 2277; x_wconf 86' lang='lat' dir='ltr'>reliquit.</span> <span class='ocrx_word' id='word_1_258' title='bbox 1454 2222 1593 2275; x_wconf 85' lang='lat' dir='ltr'>Quale</span> 
     </span>
     <span class='ocr_line' id='line_1_38' title="bbox 265 2277 1591 2341; baseline 0 -22"><span class='ocrx_word' id='word_1_259' title='bbox 265 2278 437 2341; x_wconf 79' lang='lat' dir='ltr'>quidem</span> <span class='ocrx_word' id='word_1_260' title='bbox 476 2292 583 2333; x_wconf 91' lang='lat' dir='ltr'>opus</span> <span class='ocrx_word' id='word_1_261' title='bbox 630 2293 761 2331; x_wconf 89' lang='lat' dir='ltr'>quum</span> <span class='ocrx_word' id='word_1_262' title='bbox 809 2285 962 2334; x_wconf 88' lang='lat' dir='ltr'>postea</span> <span class='ocrx_word' id='word_1_263' title='bbox 995 2279 1225 2334; x_wconf 90' lang='lat' dir='ltr'>Philippus</span> <span class='ocrx_word' id='word_1_264' title='bbox 1265 2277 1491 2333; x_wconf 88' lang='lat' dir='ltr'>Opuntius</span> <span class='ocrx_word' id='word_1_265' title='bbox 1522 2292 1591 2319; x_wconf 88' lang='lat' dir='ltr'>ac-</span> 
     </span>
     <span class='ocr_line' id='line_1_39' title="bbox 264 2333 1590 2389; baseline -0.002 -14"><span class='ocrx_word' id='word_1_266' title='bbox 264 2334 448 2389; x_wconf 81' lang='lat' dir='ltr'>‹episset</span> <span class='ocrx_word' id='word_1_267' title='bbox 484 2340 614 2387; x_wconf 88' lang='lat' dir='ltr'>atque</span> <span class='ocrx_word' id='word_1_268' title='bbox 654 2333 867 2375; x_wconf 86' lang='lat' dir='ltr'>edendum</span> <span class='ocrx_word' id='word_1_269' title='bbox 907 2335 1144 2387; x_wconf 84' lang='lat' dir='ltr'>statuisset,</span> <span class='ocrx_word' id='word_1_270' title='bbox 1197 2334 1356 2375; x_wconf 80' lang='lat' dir='ltr'>factum</span> <span class='ocrx_word' id='word_1_271' title='bbox 1385 2334 1446 2374; x_wconf 87' lang='lat' dir='ltr'>ita</span> <span class='ocrx_word' id='word_1_272' title='bbox 1497 2347 1590 2374; x_wconf 88' lang='grc'>8888</span> 
     </span>
     <span class='ocr_line' id='line_1_40' title="bbox 264 2387 1590 2444; baseline -0.002 -13"><span class='ocrx_word' id='word_1_273' title='bbox 264 2389 491 2431; x_wconf 90' lang='lat' dir='ltr'>verisimile</span> <span class='ocrx_word' id='word_1_274' title='bbox 521 2395 603 2440; x_wconf 89' lang='lat' dir='ltr'>est,</span> <span class='ocrx_word' id='word_1_275' title='bbox 635 2397 682 2429; x_wconf 88' lang='lat' dir='ltr'>ut</span> <span class='ocrx_word' id='word_1_276' title='bbox 713 2404 762 2430; x_wconf 89' lang='lat' dir='ltr'>ea</span> <span class='ocrx_word' id='word_1_277' title='bbox 792 2394 971 2438; x_wconf 89' lang='lat' dir='ltr'>tantum,</span> <span class='ocrx_word' id='word_1_278' title='bbox 1002 2404 1110 2443; x_wconf 88' lang='lat' dir='ltr'>quae</span> <span class='ocrx_word' id='word_1_279' title='bbox 1137 2390 1263 2444; x_wconf 89' lang='lat' dir='ltr'>plane</span> <span class='ocrx_word' id='word_1_280' title='bbox 1294 2404 1444 2431; x_wconf 89' lang='lat' dir='ltr'>manca</span> <span class='ocrx_word' id='word_1_281' title='bbox 1472 2387 1590 2429; x_wconf 89' lang='lat' dir='ltr'>vide-</span> 
     </span>
     <span class='ocr_line' id='line_1_41' title="bbox 263 2420 1590 2500; baseline 0 -15"><span class='ocrx_word' id='word_1_282' title='bbox 263 2452 426 2498; x_wconf 85' lang='lat' dir='ltr'>rentur,</span> <span class='ocrx_word' id='word_1_283' title='bbox 447 2420 629 2487; x_wconf 82' lang='lat' dir='ltr'>subinde</span> <span class='ocrx_word' id='word_1_284' title='bbox 649 2445 842 2500; x_wconf 88' lang='lat' dir='ltr'>expleret</span> <span class='ocrx_word' id='word_1_285' title='bbox 860 2452 903 2487; x_wconf 91' lang='lat' dir='ltr'>et</span> <span class='ocrx_word' id='word_1_286' title='bbox 924 2445 1190 2495; x_wconf 82' lang='lat' dir='ltr'>emendaret3</span> <span class='ocrx_word' id='word_1_287' title='bbox 1223 2445 1428 2500; x_wconf 86' lang='lat' dir='ltr'>pleraque</span> <span class='ocrx_word' id='word_1_288' title='bbox 1448 2444 1590 2486; x_wconf 84' lang='lat' dir='ltr'>omnia</span> 
     </span>
     <span class='ocr_line' id='line_1_42' title="bbox 264 2499 1588 2564; baseline -0.001 -23"><span class='ocrx_word' id='word_1_289' title='bbox 264 2507 430 2554; x_wconf 85' lang='lat' dir='ltr'>autem,</span> <span class='ocrx_word' id='word_1_290' title='bbox 478 2500 515 2542; x_wconf 91' lang='lat' dir='ltr'>si</span> <span class='ocrx_word' id='word_1_291' title='bbox 556 2499 682 2541; x_wconf 90' lang='lat' dir='ltr'>modo</span> <span class='ocrx_word' id='word_1_292' title='bbox 724 2501 824 2542; x_wconf 88' lang='lat' dir='ltr'>ferri</span> <span class='ocrx_word' id='word_1_293' title='bbox 863 2508 1065 2555; x_wconf 85' lang='lat' dir='ltr'>possent,</span> <span class='ocrx_word' id='word_1_294' title='bbox 1117 2502 1277 2542; x_wconf 88' lang='lat' dir='ltr'>intacta</span> <span class='ocrx_word' id='word_1_295' title='bbox 1314 2500 1588 2564; x_wconf 79' lang='lat' dir='ltr'>relinqueret,</span> 
     </span>
     <span class='ocr_line' id='line_1_43' title="bbox 263 2555 1588 2613; baseline -0.001 -17"><span class='ocrx_word' id='word_1_296' title='bbox 263 2564 382 2598; x_wconf 86' lang='lat' dir='ltr'>ratus</span> <span class='ocrx_word' id='word_1_297' title='bbox 413 2556 599 2608; x_wconf 85' lang='lat' dir='ltr'>scilicet,</span> <span class='ocrx_word' id='word_1_298' title='bbox 632 2570 740 2610; x_wconf 87' lang='lat' dir='ltr'>opus</span> <span class='ocrx_word' id='word_1_299' title='bbox 771 2557 924 2598; x_wconf 90' lang='lat' dir='ltr'>summi</span> <span class='ocrx_word' id='word_1_300' title='bbox 952 2556 1222 2613; x_wconf 90' lang='lat' dir='ltr'>philosophi,</span> <span class='ocrx_word' id='word_1_301' title='bbox 1255 2555 1419 2598; x_wconf 85' lang='lat' dir='ltr'>etiamsi</span> <span class='ocrx_word' id='word_1_302' title='bbox 1449 2555 1588 2596; x_wconf 90' lang='lat' dir='ltr'>minus</span> 
     </span>
     <span class='ocr_line' id='line_1_44' title="bbox 263 2610 1591 2667; baseline 0 -16"><span class='ocrx_word' id='word_1_303' title='bbox 263 2619 377 2652; x_wconf 85' lang='lat' dir='ltr'>esset</span> <span class='ocrx_word' id='word_1_304' title='bbox 415 2611 498 2653; x_wconf 84' lang='lat' dir='ltr'>ad</span> <span class='ocrx_word' id='word_1_305' title='bbox 493 2611 811 2667; x_wconf 78' lang='lat' dir='ltr'>perfectionem</span> <span class='ocrx_word' id='word_1_306' title='bbox 850 2627 987 2666; x_wconf 87' lang='lat' dir='ltr'>usque</span> <span class='ocrx_word' id='word_1_307' title='bbox 1016 2612 1301 2664; x_wconf 78' lang='lat' dir='ltr'>elaboratum,</span> <span class='ocrx_word' id='word_1_308' title='bbox 1341 2619 1483 2653; x_wconf 85' lang='lat' dir='ltr'>tamen</span> <span class='ocrx_word' id='word_1_309' title='bbox 1524 2610 1591 2651; x_wconf 89' lang='lat' dir='ltr'>vel</span> 
     </span>
    </p>
   </div>
  </div>
 </body>
</html>
