1644 2886
702 61 833 105 VIII.
865 61 913 103 P.
1332 65 1412 107 431

125 65 207 108 DE
239 63 516 108 LEGIBUS
548 63 667 106 LlB.
946 62 1041 104 834.
1075 61 1170 104 835.
1205 61 1271 105 St.

56 182 158 235 τοὺς
192 182 374 239 ἀγῶνας
419 180 677 240 πρεπόντως
722 178 928 231 ἑκάστοις
963 176 1170 236 θύμασιν
1219 184 1265 223 ἐν
1306 179 1414 237 χρό-

52 267 148 302 νοις
183 250 452 308 προςήκουσι
490 252 728 304 νείμαντας
763 246 925 303 ἑορτὰς
959 246 1216 291 ἀποδοῦναι
1254 247 1307 307 τῇ
1332 246 1414 292 πό-

52 321 112 362 λει
151 317 403 375 ἑορτάζειν.
440 318 585 360 ταῦτα
619 318 702 371 μὲν
737 309 819 360 οὖν
854 317 925 358 καὶ
961 311 1077 357 ἄλλα
1101 315 1290 361 τοιαῦτα
1311 312 1414 373 οὔτε

50 382 248 440 χαλεπὸν
279 386 450 440 γνῶναι
479 386 579 428 τίνα
602 382 772 439 τρόπον
791 380 876 438 χρὴ
905 380 1070 434 τάξεως
1090 379 1280 438 ἐννόμου
1309 385 1415 438 λαγ-

48 451 218 508 χάνειν,
256 450 355 496 οὐδ’
393 443 451 494 αὖ
484 453 816 530 μετατιθέμενα
849 451 970 492 ἔνθα
1003 446 1029 502 ἣ
1065 452 1184 494 ἔνθα
1216 454 1327 506 μέγα
1364 452 1416 512 τῇ

52 518 176 564 πόλει
222 521 374 576 κέρδος
409 515 436 571 ἢ
473 520 634 572 ζημίαν
680 514 739 560 ἂν
777 523 929 575 φέροι·
973 518 1088 560 αδὲ
1121 515 1183 573 μὴ
1228 515 1416 575 σμικρὸν

54 590 252 646 διαφέρει
285 588 465 630 πείθειν
502 602 547 629 τε
579 583 799 641 χαλεπόν,
851 535 1004 628 θεοῦα
1003 586 1085 640 μὲν
1103 583 1314 640 μάλιστα
1349 587 1418 642 ἔρ·
1466 587 1503 629 C

52 669 162 708 γον,
211 653 250 696 εἴ
290 670 382 704 πως
417 651 516 697 οἶόν
552 669 596 698 τε
634 645 691 705 ἦν
725 651 944 704 ἐπιτάξεις
980 650 1126 702 αὐτὰς
1159 651 1268 709 παρ’
1311 655 1418 696 ἐκεί-

53 737 136 764 νου
172 723 434 776 γίνεσθαι,
481 721 563 763 νῦν
611 721 656 762 δὲ
698 718 956 775 ἀνθρώπου
1003 722 1233 775 τολμηροῦ
1269 721 1415 764 κινδυ-

54 787 168 832 νεύει
203 790 388 832 δεῖσθαί
420 803 578 839 τινος,
615 784 664 836 ὃς
712 785 970 844 παρρησίαν
1017 786 1322 845 διαφερόντως
1351 804 1416 831 τι-

52 857 148 907 μῶν
185 859 272 912 ἐρεῖ
308 853 364 898 τοὶ
396 855 623 898 δοκοῦντα
656 851 807 910 ἄριστ’
860 852 974 897 εἶναι
1020 851 1148 898 πόλει
1181 858 1254 897 καὶ
1291 858 1418 899 πολί-

54 939 173 973 ταις,
219 927 266 965 ἐν
303 929 470 982 ψυχαῖς
514 924 872 980 διεφθαρμέναις
909 920 961 964 τὸ
998 926 1168 977 πρέπον
1205 925 1280 966 καὶ
1313 921 1418 967 ἐπό-

53 1005 188 1042 μενον
225 1004 345 1049 παση
383 1006 433 1041 τη
470 991 672 1045 πολιτείᾳ
708 987 906 1043 τάττων,
944 991 1129 1032 ἐναντία
1164 991 1299 1042 λέγων
1319 999 1419 1042 ταῖς

53 1059 328 1112 μεγίσταισιν
365 1057 629 1112 ἐπιθυμίαις
663 1059 735 1099 καὶ
776 1054 858 1113 οὐκ
881 1060 990 1112 ἔχων
1015 1054 1204 1111 βοηθὸν
1229 1055 1419 1114 ἄνθρω-

56 1141 142 1168 πον
181 1121 364 1173 οὐδένα,
402 1120 519 1178 λόμμ
556 1123 772 1179 ἑπόμενος
806 1122 932 1178 μόνῳ
969 1121 1122 1178 μόνος.

160 1190 263 1234 ΚΛ.
340 1189 433 1234 Τίν’
476 1208 534 1234 αυ
570 1193 678 1247 νῦν,
715 1184 747 1234 ὦ
785 1191 898 1244 ξένε,
937 1189 1074 1246 λόγον
1106 1193 1315 1248 λέγομενς
1360 1191 1414 1238 οὐ
1447 1198 1490 1239 D

55 1256 139 1316 γάρ
176 1273 242 1301 πω
277 1255 595 1314 μανθάνομεν.

156 1326 256 1368 ΑΘ.
330 1323 523 1376 Εἰκότως
557 1338 626 1379 γε·
663 1323 781 1368 ἀλλὰ
819 1324 872 1377 δὴ
895 1323 1166 1382 πειράσομαι
1188 1324 1269 1382 ἐγώ
1297 1326 1416 1386 φρά-

55 1394 142 1444 ζειν
176 1389 283 1448 ὑμῖν
317 1395 381 1435 ἔτι
411 1397 709 1451 σαφέστερον.
745 1390 804 1443 ὡς
823 1390 911 1450 γὰρ
938 1397 999 1443 εἰς
1024 1396 1230 1437 παιδείαν
1260 1387 1415 1447 ἦλθον

149 1547 194 1579 D.
220 1544 270 1580 οὐ
295 1546 371 1590 γάρ
398 1559 458 1580 πω
482 1560 503 1588 μ
509 1548 533 1590 .]
551 1548 594 1582 V.
622 1558 703 1586 που,
728 1549 824 1590 quod
839 1549 936 1581 solus
959 1553 1078 1581 tuetur
1096 1549 1135 1584 Ξ.
1151 1554 1186 1582 et
1212 1550 1365 1584 fortasse
1381 1561 1414 1583 x.

147 1590 247 1632 ὑμῖν
276 1594 335 1625 ἔτι
370 1594 655 1636 σαφέστερον]
682 1595 726 1626 V.
752 1595 798 1626 ἔιι
825 1606 852 1626 τι
879 1605 963 1635 naq).
989 1597 1234 1628 consentiente
1261 1597 1299 1630 Ξ.
1325 1610 1358 1630 v.
1387 1609 1417 1630 c.

56 1640 95 1671 In
123 1639 204 1672 Par.
227 1641 272 1672 A.
298 1652 326 1672 u
341 1651 407 1683 pro
431 1641 478 1672 ἔτι
503 1642 684 1682 scriptum,
711 1642 807 1682 quod
832 1642 935 1674 etiam
949 1652 1002 1683 pr.
1024 1640 1063 1674 Ω.
1089 1643 1206 1685 habet,
1234 1644 1416 1686 adscripto

55 1687 91 1716 in
115 1696 226 1727 marg.
254 1685 310 1719 ἔτι.
358 1688 477 1730 Atque
503 1687 659 1720 Parisini
691 1687 774 1719 libri
809 1689 1018 1730 scripturam
1052 1690 1218 1731 probavit
1240 1701 1306 1733 pro
1331 1701 1421 1724 vera

3 1747 12 1755 »
55 1730 261 1765 Schneider.

60 1869 120 1909 qui
146 1868 342 1910 particulae
366 1870 606 1903 accessionem
631 1879 703 1901 non

59 1914 139 1946 fert.
198 1913 337 1956 Quippe
363 1915 472 1948 verba
496 1917 548 1949 sic
572 1916 703 1948 intelli-

57 1960 173 2001 genda
206 1966 307 1992 sunt:
358 1972 402 1994 es
438 1962 551 1995 wird
586 1963 700 1994 daun

58 2008 337 2048 angeordnet
394 2009 591 2050 werden,
648 2008 700 2040 ob

58 2053 127 2084 sie
157 2053 236 2085 auf
263 2054 387 2086 iedes
420 2054 561 2086 dritte
594 2054 701 2086 oder

0 2109 5 2123 ε
60 2097 207 2130 ffinfte
241 2099 349 2132 Iahr
391 2101 498 2133 oder
539 2100 701 2132 welche

59 2145 144 2176 Art
183 2146 269 2177 und
311 2145 461 2179 Weise
505 2157 586 2179 uns
630 2147 701 2179 die

60 2188 221 2222 Gotter
246 2192 290 2223 in
317 2191 397 2224 den
423 2191 535 2225 Sinn
562 2192 699 2234 geben

60 2237 244 2280 werden,
269 2237 498 2271 bestimmt
523 2239 701 2271 werden

60 2282 227 2315 sollen.
282 2283 338 2316 De
367 2284 436 2317 hoe
460 2296 527 2318 usu
552 2285 698 2317 coniun-

60 2329 143 2360 ctivi
168 2329 250 2361 vide
276 2339 358 2363 ann.
385 2331 431 2363 ad
454 2331 638 2364 Phaedon.
664 2342 698 2373 p.

61 2373 140 2408 115.
184 2374 223 2408 C.
258 2377 341 2408 coll.
375 2377 600 2410 Matthiae
636 2376 699 2409 Gr.

61 2420 148 2454 516
172 2421 194 2456 3

111 2461 364 2500 ἀποδοῦναι
390 2468 437 2509 τῇ
462 2467 584 2501 πόλει
612 2469 706 2511 ἑορ-

64 2509 230 2568 τάζθνιν]
256 2513 302 2545 Η.
328 2524 358 2546 e.
386 2512 471 2547 εὖετε
494 2512 678 2558 ἑορτάζειν.

115 2553 207 2590 ουδ’
236 2553 288 2591 αὖ
311 2561 705 2605 μετατιθέμενα-]

65 2612 147 2636 nec
181 2605 216 2636 si
249 2603 332 2637 hnc
355 2610 398 2639 et
427 2608 540 2641 illuc
563 2613 706 2641 trans-

67 2649 290 2690 ferantur,
317 2652 495 2687 civitati
522 2656 704 2687 multum

770 1870 883 1902 lueri
925 1875 1004 1903 aut
1043 1871 1309 1904 detrimenti
1352 1872 1414 1905 af-

771 1916 932 1949 ferent

816 1982 855 2016 O.
904 1981 925 2016 ἆ
961 1982 1004 2016 δὲ
1028 1983 1080 2027 μὴ
1107 1983 1298 2027 σμικρὸν
1323 1984 1412 2018 δια·

771 2029 894 2071 φέρει
918 2032 978 2073 ——]
1017 2031 1103 2064 Rem
1132 2032 1342 2064 amatoriam
1367 2033 1415 2065 si-
1461 2026 1465 2029 Δ

770 2077 934 2117 gnificat,
973 2078 1017 2109 de
1048 2088 1119 2120 qua
1151 2079 1319 2120 deinceps
1351 2088 1414 2111 ex-

770 2124 953 2164 positurus
988 2128 1052 2158 est.
1086 2144 1129 2148 —
1183 2124 1300 2156 θεοῦ
1341 2123 1415 2165 μὲν
1467 2152 1474 2159 ,

769 2167 960 2208 μάλιστα
991 2180 1021 2202 κ.
1059 2181 1086 2203 τ.
1123 2171 1150 2203 λ.
1184 2171 1255 2203 dei
1277 2172 1412 2204 maxi·

769 2225 829 2247 me
853 2226 976 2257 opuS,
1003 2217 1040 2249 si
1066 2227 1150 2259 qua
1173 2217 1286 2249 fieri
1310 2228 1413 2259 pos-

769 2266 847 2302 set,
871 2267 917 2294 nt
939 2264 1344 2305 praescriptiones
1361 2265 1413 2297 ab

769 2318 817 2340 eo
843 2309 1209 2351 impetrarentur.
1237 2329 1280 2333 —
1319 2308 1414 2342 ἑπό-

769 2365 900 2393 μενον
944 2352 1055 2396 πάσῃ
1101 2360 1146 2398 τῇ
1193 2355 1416 2400 πολιτείᾳ,

775 2402 1017 2434 universae
1066 2403 1250 2435 civitati
1307 2412 1413 2435 oon-

775 2451 1049 2480 sentaneum.

819 2514 865 2547 D.
906 2513 960 2548 ὥς
999 2514 1078 2559 γὰρ
1114 2516 1179 2548 είς
1214 2514 1415 2549 παιδείαν

775 2555 920 2603 ἦλθον
952 2563 1006 2605 τῷ
1040 2556 1167 2606 λόγῲ]
1209 2573 1340 2605 quum
1375 2573 1414 2596 o·

774 2608 954 2640 ratione
995 2619 1087 2642 mea
1122 2608 1176 2642 ad
1217 2609 1412 2642 institn-

773 2655 943 2687 tionem
971 2664 1242 2698 progressus
1261 2665 1412 2690 essem.
