1644 2886
491 87 573 132 DE·
607 87 886 133 LEGIBUS
919 96 999 131 etc.
1259 89 1422 133 XLIX

52 216 139 256 qua
177 215 224 243 re
263 201 463 256 disputat
511 201 771 245 Zellerus
820 202 949 246 stud.
986 201 1100 245 Plat.
1151 217 1196 258 p.
1243 204 1309 246 79.
1350 217 1372 245 s
1407 235 1415 243 .

52 258 289 300 Enimvero
328 255 596 301 inducuntur
633 273 738 301 sane
769 259 813 301 in
847 259 1044 317 Legibus
1075 274 1206 303 senes
1234 259 1299 301 ita
1327 273 1381 302 co
1402 283 1417 290 ·

54 316 307 370 loquentes,
347 321 397 357 ut
434 330 521 357 non
564 315 696 358 modo
728 315 782 358 de
811 317 974 372 pietate
1003 323 1047 360 et
1068 315 1287 374 >religione
1317 331 1417 373 gra-

53 373 230 415 vissime
270 372 518 428 disputent,
562 388 713 415 verum
753 374 884 415 etiam
913 375 959 415 in
989 375 1088 430 ipso
1118 387 1320 417 sermone
1348 387 1416 416 re-

54 445 148 472 rum
189 428 437 471 divinarum
475 429 787 472 verecundiam
827 431 974 473 verbis
1012 431 1231 486 factisque
1258 430 1418 472 identi-

55 485 154 529 dem
183 485 374 542 prodant
403 501 454 528 ac
487 486 796 528 testificentur.
855 487 970 529 Nam
993 488 1146 530 crebro
1176 499 1420 530 memorant

54 543 143 586 vim
172 558 424 597 numenque
453 541 651 596 deorum,
691 543 827 585 veluti
867 543 990 586 Libr.
1032 544 1120 586 ΙΙΙ.
1150 560 1194 600 p.
1237 545 1333 588 682.
1364 544 1417 586 E.

55 600 112 642 V.
143 616 186 656 p.
229 601 326 642 722.
359 599 409 641 C.
450 599 530 654 aL,
562 600 716 642 crebro
746 600 851 642 item
882 601 1052 642 felicem
1079 614 1132 642 ac
1161 599 1420 657 prosperum

54 655 370 712 disputationis
396 670 516 701 >suae
563 671 818 699 successum
858 672 911 699 ex
950 657 1142 700 numinis
1181 657 1320 699 divini
1356 659 1420 700 fa·

55 728 160 756 vore
199 726 244 756 et
282 712 445 755 auxilio
476 727 735 769 suspensum
766 714 861 756 {ore
892 715 1109 769 fatentur,
1139 714 1258 756 unde
1287 715 1419 757 toties

55 775 270 826 usurpant
308 784 435 812 suum
478 769 624 824 istud,
672 772 749 813 ἐάν
792 769 908 820 θεὸς
945 773 1110 827 ἐθέλῃ,
1141 776 1192 813 ut
1220 771 1346 813 Libr.
1379 771 1417 815 Ι.

54 842 98 883 p.
131 828 229 870 632.
261 827 315 869 Ε,
348 826 435 868 ΙΙΙ.
467 843 511 883 p.
543 828 640 869 688.
673 828 727 870 E.
759 827 816 870 V.
847 844 889 885 p.
922 829 1020 873 739.
1050 828 1105 871 E.
1142 827 1218 871 VI.
1249 844 1291 884 p.
1322 830 1419 871 752.

55 886 112 926 A.
150 884 257 926 VII.
299 900 341 940 p.
378 884 472 925 799.
508 883 561 926 Ε.
594 883 725 928 VIII.
754 901 795 941 p.
827 885 928 928 841.
959 885 1011 927 E.
1043 885 1195 927 crebro
1227 885 1420 940 denique

55 941 152 983 aliis
182 939 322 983 modis
364 955 486 982 suam
526 955 631 997 erga
672 941 779 984 deos
820 948 865 984 et
903 955 973 984 res
1018 941 1189 984 divinas
1219 956 1421 985 reveren-

55 998 162 1040 tiam
200 997 441 1042 declarant.
501 997 665 1039 Verum
704 999 819 1040 enim
857 1014 962 1042 vero
1003 998 1087 1042 hoc
1128 1014 1266 1054 quum
1295 998 1422 1042 facile

55 1055 292 1112 largiamur
320 1055 492 1111 Legum
532 1055 654 1110 operi
692 1061 903 1111 tanquam
935 1056 1108 1111 privum
1137 1070 1235 1099 esse
1263 1070 1317 1099 ac
1378 1071 1421 1098 e-

55 1112 246 1165 culiare,
288 1126 551 1166 quamquam
581 1127 663 1154 nec
693 1113 738 1154 in
770 1113 868 1155 aliis
899 1113 1023 1155 libris
1054 1112 1214 1156 desunt
1245 1072 1421 1166 simiiia,

55 1175 106 1211 ut
137 1184 270 1224 quum
299 1169 345 1210 in
374 1183 518 1210 rerum
548 1170 746 1225 gravium
777 1185 830 1212 ac
861 1169 1107 1213 difficilium
1124 1169 1425 1225 disputatione

57 1226 238 1267 deorum
277 1225 533 1281 imploratur
571 1226 780 1268 auxilium
822 1226 993 1269 Phileb.
1023 1242 1066 1283 p.
1100 1228 1166 1269 25.
1202 1227 1253 1271 Β.
1283 1242 1326 1283 p.
1356 1228 1424 1269 61.

58 1283 112 1325 Β.
145 1282 256 1325 Tim.
297 1298 338 1338 p.
381 1284 452 1325 27.
493 1281 558 1335 C.,
602 1288 747 1324 tamen
788 1298 874 1338 quo
915 1284 1008 1325 iure
1037 1284 1123 1326 ista
1154 1283 1331 1338 pietatis
1361 1290 1426 1325 te-'

60 1338 270 1381 stificatio
312 1338 483 1381 dicatur
523 1339 672 1395 inepta
711 1348 755 1382 et
785 1355 811 1381 a
848 1340 1048 1383 Platonis
1078 1339 1259 1396 ingenio
1290 1346 1333 1382 et
1362 1354 1424 1381 ra·

59 1397 196 1444 tione.
220 1395 384 1450 aliena,
435 1395 775 1451 haudquaquam
818 1396 1120 1452 intelligimus.
1191 1397 1275 1439 Est
1314 1396 1429 1438 enim

59 1453 135 1495 illa
162 1459 314 1496 nostro
346 1451 522 1508 quidem
563 1452 730 1496 iudicio
761 1454 934 1511 Legum
966 1460 1224 1511 argumento
1255 1460 1298 1495 et
1326 1468 1427 1510 pro-

60 1509 208 1568 posito
249 1509 379 1566 longe
421 1510 849 1553 convenientissima.
922 1510 1038 1553 Nam
1076 1511 1114 1553 si
1153 1526 1305 1553 verum
1345 1516 1427 1563 est,

62 1566 183 1623 quod
225 1581 358 1623 supra
397 1565 701 1610 demonstrare
740 1567 888 1610 conati
932 1582 1106 1622 sumus,
1149 1567 1324 1610 Platoni
1367 1568 1431 1609 ita

63 1625 198 1666 fuisse
227 1637 510 1680 persuasum,
544 1630 594 1665 ut
621 1624 665 1666 in
697 1639 748 1666 ea
779 1625 971 1679 civitate,
1001 1639 1114 1679 quae
1145 1639 1299 1667 revera
1326 1638 1429 1680 pos—

65 1682 123 1724 sit
159 1681 207 1723 in
244 1681 385 1737 ipsam
430 1679 654 1723 hominum
693 1682 829 1724 vitam
877 1681 1123 1736 introduci,
1173 1681 1429 1739 potentissi-

65 1754 181 1780 mum
218 1737 392 1779 virtutis
461 1738 698 1781 raesidium
730 1744 774 1781 et
811 1738 1113 1781 adiumentum
1153 1738 1200 1781 in
1249 1738 1430 1794 pietatis
1492 1771 1497 1776 .

65 1810 116 1837 ae
158 1794 384 1851 religionis
415 1753 649 1851 disciplina
679 1796 874 1852 positum
904 1795 1192 1848 iudicaverit3
1231 1795 1431 1852 profecto

65 1851 197 1894 etiam
238 1856 582 1893 consentaneum
620 1852 730 1907 fuit,
766 1859 816 1895 ut
845 1853 1021 1895 eosdem
1052 1853 1180 1907 illos,
1221 1867 1334 1908 quos
1364 1852 1430 1894 in-

67 1907 340 1950 troduxisset
378 1908 496 1950 cives
525 1923 629 1950 suos
659 1908 715 1951 ad
745 1910 953 1965 pietatem
982 1911 1269 1952 instituentes
1299 1915 1433 1964 atque

68 1963 366 2018 cohortantes,
408 1964 528 2018 ipsos
567 1979 742 2020 quoque
773 1966 870 2021 pios
902 1973 945 2007 et
974 1965 1207 2022 religiosos
1235 1965 1434 2022 fingeret.

69 2021 171 2064 Hoc
207 2021 353 2076 ipsum
393 2026 539 2062 autem
582 2021 680 2076 quis
718 2028 785 2064 est
826 2022 932 2078 quin
975 2022 1164 2065 fateatur
1201 2022 1435 2065 convenire

68 2077 280 2134 imprimis
318 2077 366 2118 in
396 2091 524 2119 senes
565 2076 692 2132 istos,
722 2079 797 2133 qui
838 2080 952 2121 inter
994 2079 1116 2136 ipsos
1166 2079 1220 2121 de
1259 2078 1436 2137 optimis

70 2135 243 2191 legibus
274 2133 466 2191 graviter
496 2135 766 2191 copioseque
798 2135 1138 2191 colloquuntur?
1196 2135 1435 2179 Enimvero

70 2191 259 2234 similem
298 2197 418 2233 certe
455 2191 584 2233 Plato
624 2191 752 2234 finxit
781 2193 910 2235 etiam
942 2192 1189 2250 Cephalum
1218 2193 1341 2236 illum
1368 2208 1436 2236 se-

72 2262 171 2291 nem
200 2247 272 2290 De
301 2248 413 2303 Rep.
447 2249 482 2290 1.
513 2263 558 2304 p.
589 2249 673 2298 328
703 2274 759 2280 ——
789 2251 918 2305 331.‚
951 2252 1026 2305 qui
1057 2265 1193 2305 quum
1222 2250 1321 2294 aliis
1351 2251 1437 2292 vir-

72 2305 242 2348 tutibus
282 2304 481 2347 amabilis
522 2311 605 2360 est,
634 2311 728 2347 tum
757 2306 903 2361 placet
941 2307 1154 2364 imprimis
1194 2308 1325 2349 etiam
1364 2309 1439 2363 pia

74 2362 148 2404 illa
177 2367 391 2418 grataque
419 2361 601 2405 deorum
632 2364 940 2418 veneratione,
974 2379 1102 2419 quam
1132 2364 1264 2407 modo
1304 2363 1438 2407 sacri-

73 2419 184 2462 ficiis
220 2418 275 2461 iis
313 2418 476 2461 oblatis
515 2419 660 2475 palam
702 2419 821 2463 fecit.
877 2420 1029 2464 Habes
1058 2420 1219 2478 igitur,
1252 2421 1289 2464 si
1320 2421 1441 2476 quod

76 2474 324 2530 desideres,
365 2474 486 2531 apud
525 2477 671 2531 ipsum
713 2477 943 2520 Platonem
983 2478 1112 2520 etiam
1155 2478 1338 2520 alterum
1379 2478 1441 2534 pii

78 2546 130 2574 ac
184 2531 378 2589 religiosi
434 2532 551 2575 senis
601 2534 860 2589 exemplum.
944 2532 1221 2590 Quamquam
1268 2534 1314 2576 in
1364 2535 1442 2577 tali

79 2587 256 2644 quidem
284 2603 443 2632 caussa
473 2590 687 2646 exemplis
706 2590 812 2639 nihil
842 2606 953 2647 opus
983 2598 1064 2634 est.
1125 2590 1304 2634 Sufficit
1331 2592 1445 2634 enim

77 2644 366 2700 intellexisse,
408 2646 554 2689 omnia
590 2646 791 2690 sollerter
829 2653 875 2690 et
910 2647 1117 2704 primario
1156 2647 1303 2703 operis
1341 2663 1445 2691 con-

1126 2714 1170 2756 D
