1644 2886
271 83 350 126 378
749 83 778 122 Ρ
795 83 1118 126 LATONIS

269 198 430 249 ἡδονῆς
452 195 725 252 μανθάνειν,
759 197 909 251 μήλων
930 204 972 242 τε
1008 213 1138 239 τινων
1176 199 1383 253 διανομαὶ
1411 202 1480 243 καὶ
1505 215 1596 243 ‹rte-

267 262 420 318 ‹poivwv
487 264 676 303 πλείοσιν
728 261 823 316 ἅμα
879 266 949 305 καὶ
1003 262 1231 306 ἐλάττοσιν
1287 262 1597 321 ἁρμοττόντων

265 327 478 382 ἀριθμῶν
525 329 611 369 τῶν
663 327 831 378 αὐτῶν,
889 331 960 371 καὶ
1006 329 1178 371 πυκτῶν
1229 331 1300 372 καὶ
1343 332 1595 374 παλαιστῶν

263 396 484 450 ἐφεδρείας
520 408 563 434 τε
597 396 668 435 καὶ
719 394 957 446 συλλήξεως
991 399 1035 436 ἐν
1070 400 1185 450 μέρει
1220 397 1292 439 καὶ
1337 395 1489 455 ἐφεξῆς
1523 400 1592 439 καὶ

262 458 320 508 ὡς
355 457 571 516 πεφύκασι
608 462 856 512 γίγνεσθαι.
893 463 963 502 καὶ
1001 458 1053 511 δὴ
1092 463 1163 503 καὶ
1198 462 1446 512 παίζοντες,
1490 463 1592 519 φιά-

218 554 220 557 >
263 527 341 574 λας
384 522 479 578 ἅμα
524 527 688 579 χρυσοῦ
731 528 802 568 καὶ
833 527 1000 580 χαλκοῦ
1035 528 1105 568 καὶ
1155 524 1350 581 ἀργύρου
1395 530 1466 570 καὶ
1504 544 1592 571 τοι-

261 589 402 633 ούτων
438 592 568 632 τινῶν
601 588 747 633 ἄλλων
781 591 1077 648 κεραννύντες,
1114 595 1155 634 οἱ
1191 595 1234 634 δὲ
1258 595 1334 635 -καὶ
1368 591 1475 642 ὅλας
1504 610 1592 643 πως

260 655 548 706 διαδιδόντες,
598 655 705 712 ὅπερ
748 656 889 708 εἶπον,
943 662 1002 708 εὶς
1036 656 1219 718 παιδῑαν
1253 656 1593 713 ἐναρμόττοντες

259 720 339 772 τὰς
373 723 460 764 τῶν
497 722 750 777 ἀναγκαίων
784 723 996 778 ἀριθμῶν
1027 722 1214 778 χρήσεις,
1250 723 1468 782 ὠφελοῦσι
1490 723 1592 774 τοὺς

257 785 584 843 μανθάνοντας
619 789 677 838 ε’ίς
707 805 748 831 τε
779 788 874 839 mig.
895 791 978 831 τῶν
1016 791 1321 844 στρατοπέδων
1356 789 1494 841 τάξεις
1511 793 1589 833 Χκαὶ

257 852 432 908 ἀγωγὰς
481 857 552 896 καὶ
602 858 831 908 στρατείας
878 857 948 897 καὶ
998 859 1055 904 εὶς
1099 859 1349 910 οἰκονομίας
1396 850 1473 906 αὖ,
1519 860 1589 898 καὶ

258 918 432 969 πάντως
474 924 823 976 χρησιμωτέρους
858 918 1024 970 αὐτοὺς
1067 918 1219 970 αὐτοῖς
1254 924 1323 963 καὶ
1360 923 1588 977 ἐγρηγορό-

350 1093 388 1125 C.
435 1094 506 1127 καὶ
542 1093 785 1136 στρατείας]
810 1092 1067 1135 στρατοπεδείας
1092 1092 1164 1125 Ric.
1191 1099 1222 1125 et
1249 1104 1355 1134 marg.
1388 1092 1422 1127 Ω.
1449 1105 1477 1126 a.
1504 1106 1530 1125 c.
1563 1094 1588 1124 δ.

260 1138 348 1170 Dein
376 1138 423 1169 είς
448 1149 514 1170 om.
542 1138 614 1170 Ric.
642 1143 674 1170 et
704 1138 797 1170 Flor.
825 1149 855 1172 0.

350 1207 393 1236 D·
443 1205 623 1246 αἰσχρὰν
656 1204 854 1247 ἄγνοιαν]
889 1206 985 1237 Libri
1013 1217 1130 1238 omnes
1158 1206 1285 1240 ἄνοιαν.
1323 1207 1496 1238 *Correxit
1522 1209 1587 1247 pri-

259 1363 325 1393 λων
358 1381 400 1386 -
433 1361 593 1402 διανομαί
619 1364 771 1395 Aetius
807 1374 887 1395 con-
956 1365 1092 1395 Etenim
1121 1361 1276 1404 σύλληξις
1309 1363 1435 1395 dieitur
1459 1364 1501 1395 de
1525 1374 1585 1404 pu-

259 1408 342 1440 ferri
367 1408 463 1440 iubet
487 1409 640 1440 Athen.
664 1409 744 1440 XV.
760 1419 792 1449 p.
808 1407 887 1442 442.
956 1410 1064 1450 gilum
1089 1411 1123 1438 et
1147 1409 1352 1440 luctatorum
1374 1418 1435 1449 per
1459 1413 1586 1440 sortem

260 1464 310 1494 sq.
337 1453 377 1484 Τ.
413 1454 454 1485 V.
493 1458 527 1486 et
551 1454 812 1486 Animadverss.
846 1454 887 1485 Τ.
957 1454 1214 1491 commissione,
1248 1463 1316 1494 qua
1343 1453 1414 1484 bini
1439 1464 1585 1494 semper,

260 1498 359 1529 VIII.
391 1508 423 1539 p.
449 1498 493 1533 49
518 1509 570 1540 sq.
605 1499 659 1532 ed.
689 1498 886 1539 Schweigh.

259 1543 408 1575 Dativus
440 1544 590 1575 πλειοσιν
621 1541 686 1582 ἅμα
722 1544 775 1574 καὶ
799 1542 888 1574 ἐλάτ-

259 1597 352 1619 mon
376 1597 418 1619 ex
444 1587 603 1627 διανομαί
623 1594 723 1628 aptus
751 1599 792 1620 ac
816 1598 890 1620 sus-

257 1643 384 1674 pensus
410 1638 479 1671 est,
509 1635 558 1666 ita
582 1637 620 1664 ut
652 1634 890 1674 intelligantur

258 1678 601 1710 distributiones
620 1688 830 1719 pomorum
854 1682 892 1709 et

259 1733 522 1755 coronarum
574 1725 689 1755 inter
736 1725 890 1765 plures

259 1769 390 1801 simul
417 1774 458 1800 et
483 1770 732 1810 pauciores,
758 1779 890 1800 nume—

260 1816 319 1845 ris
346 1815 730 1846 convenientibus.
780 1814 888 1845 Nimi-

260 1870 334 1890 rum
368 1860 416 1890 ita
446 1863 544 1900 pueri
584 1864 750 1900 exputare
789 1869 889 1899 coge—

260 1905 398 1943 bantur,
426 1910 534 1945 quota
557 1906 725 1946 cuiusque
745 1905 791 1936 rei
810 1914 889 1945 pars

258 1951 291 1981 in
331 1959 500 1991 quemque
536 1952 757 1993 conveniret3
801 1959 889 1990 quae

258 1998 333 2026 erat
357 1996 489 2035 ingenii
516 1996 717 2028 exercitatio
743 1996 884 2026 utilissi-

258 2051 322 2072 ma.
384 2040 438 2071 De
471 2042 609 2072 nomine
648 2041 779 2073 verbali
815 2050 889 2072 eum

257 2086 376 2117 dativo
407 2086 526 2118 iuncto
559 2098 589 2118 v.
622 2087 668 2117 ad
692 2086 886 2126 Euthyphr.

257 2141 288 2171 p.
315 2130 369 2163 13.
396 2131 439 2161 D.
465 2136 498 2164 et
524 2132 576 2165 15.
603 2133 653 2163 A:

303 2175 341 2207 B,
394 2175 457 2205 καὶ
501 2177 670 2207 πυκτῶν
715 2177 779 2207 καί
824 2186 888 2207 πα·

216 2224 220 2227 ’
260 2220 439 2251 tamtan
466 2221 594 2263 -}11.
625 2231 653 2252 e.
689 2222 741 2253 καὶ
777 2219 886 2252 διανο-

258 2266 315 2302 μαὶ
350 2263 526 2306 ἐφεδρείας
557 2278 589 2298 τε
615 2267 667 2297 καὶ
703 2264 891 2307 συλλήξεως

260 2311 396 2342 πυκτῶν
423 2322 455 2342 τε
480 2312 534 2342 καὶ
558 2313 757 2343 παλαιστῶν.
806 2312 889 2343 Rem

258 2361 394 2398 praeter
402 2357 504 2396 alios,
517 2358 622 2389 veluti
631 2358 701 2390 We
712 2369 727 2389 s
738 2357 796 2390 sel
810 2357 887 2397 ing.

257 2403 301 2433 ad
326 2401 430 2432 Diod.
462 2402 515 2433 lv.
544 2413 574 2443 p.
600 2402 676 2436 293·
706 2402 888 2434 Dorvill.

256 2448 300 2478 ad
330 2446 510 2478 Chariton.
538 2457 570 2488 p.
594 2447 805 2482 3881436.
832 2447 886 2478 ed.

257 2492 353 2531 Lips.
395 2492 560 2532 explicuit
599 2493 886 2534 Spnnhemius

257 2537 303 2567 ad
328 2536 464 2568 Gallim.
492 2537 618 2578 Hymn.
647 2539 680 2569 in
706 2538 830 2569 Delum
856 2548 884 2567 v.

257 2581 334 2614 125.
362 2592 394 2622 p.
420 2582 628 2617 4191481.
656 2584 708 2614 ed.
736 2583 818 2614 Ern.
855 2586 885 2614 et

256 2627 298 2656 ad
335 2627 486 2660 Aristo
501 2628 562 2667 ph.
600 2628 706 2660 Rann.
747 2639 775 2658 v,
810 2627 888 2661 805.

956 1501 1030 1531 sive
1054 1500 1165 1540 paria,
1188 1499 1224 1529 in
1249 1503 1422 1530 certamen
1448 1500 1589 1531 descen-

958 1545 1039 1575 dere
1073 1544 1290 1585 iubebantur.
1331 1541 1444 1580 Quum
1476 1549 1588 1576 autem

959 1598 1120 1620 numerus
1145 1589 1374 1629 pugnantium
1402 1590 1513 1629 impar
1537 1599 1587 1621 es—

959 1638 1028 1672 set,
1063 1638 1133 1664 tum
1168 1643 1277 1673 unus,
1312 1634 1370 1674 qui
1398 1640 1587 1674 supererat,

957 1689 1033 1710 cum
1063 1679 1193 1709 victore
1225 1678 1423 1710 decertabat
1455 1686 1586 1719 postre-

957 1734 1043 1763 mus,
1068 1724 1125 1770 qui
1149 1715 1286 1764 quidem
1311 1723 1490 1755 dicebatur
1509 1723 1585 1764 ἔφε-

958 1768 1056 1808 δρος,
1081 1764 1328 1807 tertiarius,
1354 1769 1407 1799 vel
1439 1779 1585 1810 sequu-

958 1819 1034 1855 tor,
1065 1815 1227 1853 quoniam
1251 1792 1409 1846 duo’bus
1402 1824 1469 1845 iam
1487 1815 1586 1846 victis

957 1869 1069 1890 novus
1099 1859 1229 1890 athleta
1261 1860 1295 1889 in
1326 1859 1475 1890 medium
1509 1869 1585 1900 pro-

958 1904 1112 1936 cedebat.
1161 1904 1228 1936 Res
1254 1904 1347 1935 clara
1369 1905 1525 1944 inprimis
1549 1905 1586 1936 fit

958 1960 998 1981 ex
1023 1949 1198 1981 Lucian.
1248 1949 1449 1981 Hermotim.
1485 1949 1525 1983 T.
1558 1948 1585 1980 1.

957 2006 989 2036 p.
1015 1994 1091 2028 783.

1004 2040 1071 2071 καὶ
1097 2037 1145 2080 δὴ
1171 2039 1236 2070 καὶ
1268 2038 1496 2078 παίζοντας
1520 2039 1583 2079 —-]

957 2085 1103 2124 „Verba
1137 2085 1185 2116 ita
1224 2085 1411 2124 coniunge:
1455 2083 1508 2114 καὶ
1542 2082 1584 2124 δὴ

959 2131 1011 2161 καὶ
1050 2129 1086 2160 οἱ
1118 2126 1237 2169 φιάλας
1266 2127 1331 2168 ἅμα
1365 2126 1584 2169 κεράννυντες
1641 2146 1644 2149 -

957 2173 980 2216 ἤ
1006 2175 1058 2206 καὶ
1085 2171 1164 2206 ὅλας
1189 2171 1399 2206 διαδιδόντας
1423 2173 1581 2213 (distri-

959 2222 1159 2259 buentes,
1191 2220 1285 2261 quod
1310 2219 1506 2260 oppositum
1531 2223 1583 2250 est

959 2266 1002 2297 τιῦ
1038 2263 1104 2304 ἅμα
1141 2262 1370 2306 κεραννύντες)
1410 2264 1581 2304 παίζοντες

957 2311 1187 2351 (ludendo)
1205 2306 1376 2350 ὠφελοῦσι
1400 2319 1429 2339 κ.
1451 2319 1475 2339 τ.
1492 2309 1517 2339 λ.
1538 2326 1579 2332 ·-

958 2355 1002 2388 01·
1033 2353 1068 2387 δέ
1108 2356 1276 2397 positum,
1317 2364 1357 2385 ac
1394 2354 1422 2384 si
1459 2353 1495 2384 οἱ
1525 2353 1582 2392 μὲν

955 2401 1198 2442 praecesserit3
1213 2410 1242 2430 v.
1259 2399 1303 2430 ad
1315 2399 1343 2432 Ι.
1359 2397 1415 2432 3.“
1431 2398 1578 2431 Astius.

954 2447 1091 2478 Etenim
1123 2449 1201 2486 post
1240 2444 1416 2484 παίζοντας
1449 2444 1583 2484 poferat

956 2489 991 2522 οἱ
1011 2491 1070 2530 μὲι·
1083 2490 1268 2531 interponi,
1293 2489 1336 2520 de
1356 2489 1453 2520 cuius
1479 2489 1580 2526 omis--

955 2537 1052 2568 sione
1077 2546 1106 2565 v.
1133 2539 1250 2566 annot.
1275 2534 1319 2566 ad
1336 2533 1519 2574 Protagor.
1547 2543 1578 2573 p.

953 2581 1030 2614 320.
1061 2581 1101 2611 A.
1127 2579 1203 2613 331.
1223 2579 1262 2610 B.
1287 2579 1423 2611 Politie.
1450 2589 1482 2618 p.
1502 2578 1579 2612 291.

954 2625 1007 2666 I).v
1026 2625 1077 2656 De
1109 2624 1192 2664 Rep.
1222 2624 1263 2655 V.
1291 2635 1321 2665 p.
1348 2624 1424 2658 451.
1452 2623 1479 2654 E
