1644 2886
287 93 366 133 fflss
767 92 1129 136 PLATONIS

285 209 367 256 νῶς
408 210 670 261 δωρεῖσθαι,
718 215 811 256 τοῖς
844 210 887 250 δὲ
934 208 1294 263 παραλαμβάνειν
1333 215 1396 252 ὲν·
1410 210 1597 267 χάρισιν.

283 272 376 315 οὐδ’
419 271 501 314 ὅσα
537 278 582 314 ὲν
618 280 707 321 τοῖς
754 281 902 327 χοροῖς
935 278 1050 316 ἐστιν
1085 267 1142 316 αὖ
1180 274 1409 331 μιμήματα
1445 281 1599 333 προςή-

281 355 415 380 κοντα
461 342 716 391 μιμεῖσθαι,
771 345 1002 393 παρετέον,
1050 338 1162 382 κατὰ
1213 344 1291 396 μὲν
1338 341 1417 384 τὸν
1464 343 1601 386 τόπον

282 405 406 446 τόνδε
449 403 687 459 Κουρήτων
721 404 897 448 ἐνόπλια
934 412 1126 461 παίγνια,
1162 405 1273 449 κατὰ
1310 409 1353 449 δὲ
1390 411 1602 451 Λακεδαί-

277 487 392 522 μονα
430 470 685 525 Διοςκόρων.
723 470 747 522 ἡ
788 473 830 514 δὲ
866 465 923 513 αὖ
960 489 1046 515 που
1082 472 1185 527 παρ’
1226 471 1345 526 ἡμῖν
1373 471 1480 528 κόρη
1528 479 1600 517 καὶ

280 538 498 583 δεσποινα,
535 536 839 593 εὐφρανθεῖσα
871 540 922 597 τῇ
947 541 1022 589 τῆς
1054 544 1225 593 χορείας
1260 541 1425 595 παιδιᾷ,
1460 549 1602 589 κεναῖς

276 604 421 657 χερσὶν
455 601 533 644 οὐκ
583 602 716 656 ᾠήθη
763 606 849 646 δεῖν
891 604 1106 660 ἀθύρειν,
1156 608 1379 660 πανοπλίᾳ
1414 608 1456 648 δὲ
1493 623 1601 648 παν-

278 671 388 711 τελεῖ
428 672 701 723 κοσμηθεῖσα
747 668 858 711 οὕτω
891 670 972 722 τὴν
1007 670 1182 725 ὄρχησιν
1204 674 1530 726 διαπεραίνειν·
1569 671 1597 714 ἃ

278 733 330 786 δὴ
368 734 540 784 πάντως
575 738 806 790 μιμεῖσθαι
845 743 1010 791 πρέπον
1045 734 1101 778 ἂν
1140 737 1202 789 εἴη
1238 736 1392 792 κόρους
1426 755 1470 780 τε
1494 721 1599 791 ’ἅμα

277 804 349 842 καὶ
381 801 527 854 κόρας,
573 800 652 852 τὴν
696 803 773 854 τῆς
811 805 922 845 θεοῦ
960 801 1091 858 χάριν
1128 806 1361 856 τιμῶντας,
1410 806 1598 858 πολέμου

278 866 316 907 τ’
357 872 402 909 ἐν
439 870 563 922 χρείᾳ
605 873 675 910 καὶ
721 870 882 923 ἑορτῶν
926 873 1069 912 ἕνεκα.
1118 878 1206 918 τοῖς
1242 872 1284 911 δέ
1319 885 1403 911 που
1448 874 1598 916 παισὶν

277 932 418 982 εὐθύς
447 950 488 975 τε
508 938 576 975 καὶ
606 931 710 976 ὅσον
736 933 793 976 ἂν
827 933 989 990 χρόνον
1021 934 1149 988 μήπω
1173 942 1230 984 εὶς
1264 934 1454 989 πόλεμον
1488 935 1617 995 iwan„

278 1001 384 1041 πᾶσι
431 1002 558 1048 θεοῖς
603 999 844 1056 προςόδους
887 1017 930 1042 τε
974 1003 1045 1042 καὶ
1090 1000 1269 1055 πομπὰς
1315 1006 1597 1055 ποιουμένους

366 1125 526 1160 πάντως
549 1129 765 1168 μιμεῖσθαι
792 1128 872 1171 πᾳ]
900 1129 958 1161 Sic
983 1130 1025 1160 A.
1051 1131 1098 1161 Ω.
1125 1131 1158 1163 Ξ.
1185 1131 1208 1162 f.
1233 1130 1264 1161 h.
1288 1140 1316 1161 r.
1341 1139 1370 1161 a.
1398 1139 1425 1160 e.
1452 1127 1480 1160 δ.
1508 1140 1535 1159 ο.
1562 1140 1593 1160 x.

324 1238 559 1280 Κουρήτων
595 1241 769 1273 ἐνόπλια
818 1243 903 1272 nal-

275 1285 386 1327 γνια]
425 1286 568 1318 Curetes
593 1289 731 1328 quinam
763 1288 904 1328 fuerint,

273 1331 341 1362 iam
371 1341 392 1362 a
417 1334 588 1364 veteribus
613 1333 802 1364 dubitatum
827 1342 903 1364 esse

274 1381 408 1408 constat
456 1389 497 1409 ex
546 1379 624 1409 loeo
674 1378 901 1411 Strabonis

273 1423 542 1455 celebratissimo
576 1424 670 1456 Libr.
706 1424 741 1455 X
777 1435 809 1464 p.
837 1423 903 1458 710

272 1478 347 1509 sqq.
403 1467 644 1500 Recentiorum
685 1470 726 1500 de
765 1470 828 1500 hac
863 1480 900 1500 re

273 1514 454 1553 opiniones
482 1516 641 1555 exposuit
660 1519 796 1554 praeter
810 1515 898 1546 alios

272 1557 418 1589 Hoeek
457 1559 511 1590 De
546 1559 650 1590 Creta
682 1560 794 1590 insula
820 1560 896 1590 Vol.

272 1603 300 1633 Ι.
327 1613 358 1644 p
384 1604 449 1637 197
474 1615 547 1645 sqq.
578 1611 611 1635 et
636 1604 829 1645 Heynius
855 1606 898 1636 ad

273 1648 458 1688 Apollod.
480 1650 570 1683 Bibl.
611 1660 644 1690 p.
687 1650 716 1683 7.
753 1655 787 1681 et
819 1650 894 1683 22Ο

270 1689 470 1727 Ἐνόπλια
505 1698 676 1736 παίγνια
723 1700 802 1726 sunt
836 1706 897 1727 ar-

271 1744 407 1771 matae
427 1741 758 1779 saltationes,W
766 1741 897 1772 affen-

271 1784 409 1824 ῐέιηΖθ,
427 1796 514 1827 quae
532 1787 632 1818 etiam
659 1782 814 1828 πυρῥιχαι
839 1796 897 1817 vo-

271 1835 401 1862 cantur.
450 1830 599 1863 Uberior
624 1841 739 1866 earum
771 1832 898 1862 descri-

270 1877 344 1916 ptio
369 1875 462 1908 infra
484 1887 516 1917 p.
541 1877 617 1911 815.
644 1878 686 1908 A.
705 1887 776 1918 sqq.
803 1877 897 1908 exhi-

269 1922 381 1962 betur,
396 1922 453 1953 ubi
469 1933 502 1953 v.
520 1933 598 1955 ann.
623 1922 806 1954 Eiusmodi
832 1923 896 1953 sal-

269 1968 418 1999 tationes
435 1977 516 1999 vero
537 1978 640 2009 quum
667 1969 806 2000 omnino
825 1963 897 1999 Do-

271 2014 442 2045 riensibus
471 2014 652 2045 videantur
682 2014 788 2044 fuisse
817 2023 896 2053 pro-

268 2060 376 2099 priae,
398 2064 470 2089 tum
485 2059 706 2091 Cretensibus
731 2060 897 2099 imprimis

269 2109 372 2144 atque
412 2103 593 2144 Spartanis
636 2105 782 2135 usitatae
824 2105 895 2134 fue-

267 2154 359 2180 runt.
385 2150 430 2180 Et
447 2151 538 2190 apud
557 2150 736 2181 Cretenses
756 2150 893 2190 quidem

268 2196 469 2226 coniunctae
493 2195 633 2226 fuerunt
657 2205 730 2226 cum
750 2196 843 2226 cultu
862 2199 895 2225 et

267 2241 492 2271 veneratione
526 2241 622 2273 Iovis
646 2241 763 2277 Idaei;
804 2241 894 2280 apud

268 2284 458 2326 Spartanos
498 2291 611 2318 autem
657 2287 895 2327 pertinuerunt

267 2331 311 2362 ad
333 2332 535 2371 religionem
550 2332 809 2373 mosem-orum,
836 2332 893 2371 qui

266 2377 465 2408 ferebantur
494 2387 609 2408 earum
633 2381 802 2409 auctores.
838 2376 892 2407 Ex

267 2432 333 2463 quo
351 2421 510 2453 Platonis
537 2423 640 2454 verba
662 2423 771 2453 lucem
795 2431 893 2453 suam

267 2467 519 2499 nanciscuntur.
564 2478 595 2500 v.
628 2468 670 2499 de
701 2468 754 2498 his
790 2468 892 2498 rebus

267 2512 423 2544 Hoeck.
460 2513 513 2544 De
543 2512 647 2544 Creta
676 2513 790 2545 insula
818 2512 892 2543 Vol.

266 2557 295 2589 Ι.
327 2568 358 2599 p.
389 2557 456 2592 212
487 2567 562 2599 sqq.
605 2557 713 2591 Otfr.
737 2557 893 2589 Miiller

266 2602 319 2634 De
343 2603 581 2642 Doriensspus,
609 2603 683 2634 Vol.
709 2603 753 2635 11.
771 2613 803 2643 p.
826 2602 892 2636 337

266 2659 315 2688 sq.
345 2649 396 2682 ed.
424 2649 453 2682 1.
482 2654 513 2680 et
536 2650 576 2681 de
596 2647 775 2689 Spartanis
793 2649 893 2680 huius

971 1243 1164 1273 saltationis
1207 1242 1308 1282 longe
1353 1242 1596 1273 amantissimis

972 1288 1087 1318 Athen
1113 1286 1204 1319 XlV.
1230 1297 1262 1326 p.
1287 1285 1363 1320 631.
1397 1297 1428 1318 a.
1457 1287 1593 1318 Meur-

969 1334 1059 1364 sius
1085 1332 1187 1364 Orch.
1214 1331 1301 1372 Opp.
1327 1332 1368 1362 T.
1395 1333 1436 1363 V.
1462 1342 1494 1372 p.
1516 1331 1592 1365 242.

968 1378 1112 1410 Miscell.
1144 1377 1275 1408 Lacon.
1307 1377 1356 1411 ΙΙ.
1382 1377 1434 1411 12.
1483 1378 1593 1408 Man-
1624 1405 1628 1409 ,

969 1433 983 1454 s
994 1433 1054 1455 on.
1070 1423 1182 1464 Spart.
1197 1423 1220 1454 l.
1234 1424 1266 1461 2,
1280 1433 1311 1463 p.
1329 1423 1405 1456 175.
1420 1427 1453 1453 et
1464 1422 1529 1455 219
1540 1433 1591 1462 sq.

967 1469 1102 1500 Mfille
1115 1479 1131 1499 r
1155 1468 1177 1498 l.
1194 1478 1221 1499 c.
1239 1468 1402 1500 Krause
1415 1467 1591 1508 Gymnast.

965 1524 997 1548 ιι,
1013 1515 1161 1555 Agonist
1185 1514 1245 1545 der
1260 1515 1393 1546 Hellen.
1410 1514 1487 1544 Vol.
1507 1514 1544 1545 ll.
1557 1524 1590 1553 p.

963 1558 1040 1592 836.
1073 1559 1218 1590 Fallitur
1247 1570 1330 1591 vero
1365 1559 1518 1590 Astius
1549 1561 1591 1590 de

963 1614 1031 1635 una
1046 1603 1268 1645 Caryatidum
1291 1605 1484 1646 saltatione,
1504 1614 1591 1644 quae

963 1650 1054 1689 apud
1068 1649 1257 1690 Spartanos
1283 1650 1409 1680 usitata
1432 1650 1508 1688 fuit,
1526 1650 1590 1681 hoc

963 1696 1039 1726 loco
1091 1695 1310 1734 cogitandum
1351 1703 1427 1726 esse
1472 1695 1590 1726 existi-

964 1750 1071 1771 mans.
1098 1742 1147 1771 At
1171 1741 1328 1770 nimirum
1354 1749 1394 1771 ea
1417 1740 1588 1780 virginum

965 1790 1096 1817 tantum
1122 1791 1194 1816 erat
1219 1786 1360 1825 propria
1374 1788 1407 1815 et
1421 1785 1464 1816 ad
1490 1795 1589 1816 unam

965 1831 1110 1862 Dianam
1135 1829 1298 1871 Caryatin
1327 1830 1529 1871 pertinebat.
1555 1841 1587 1861 v.

965 1876 1147 1908 Pausan.
1183 1876 1252 1906 111.
1290 1876 1339 1909 lO.
1371 1880 1404 1906 et
1434 1875 1497 1907 IV.
1531 1875 1587 1908 16.

965 1923 1041 1953 coll.
1090 1921 1239 1952 Kraus.
1273 1921 1293 1954 l.
1324 1932 1352 1952 c.
1387 1931 1419 1961 p.
1445 1920 1507 1954 831
1538 1931 1590 1960 sq.

964 1968 1065 1998 Plato
1103 1971 1217 1998 autem
1253 1966 1436 1998 manifesto
1478 1966 1589 1996 voluit
1634 1976 1644 1994 *i

964 2013 1006 2043 de
1031 2012 1210 2044 universae
1235 2011 1438 2052 pyrrhichae
1467 2021 1531 2042 usu
1555 2016 1589 2042 et

964 2058 1209 2090 exercitatione
1233 2057 1387 2098 cogitari.
1428 2055 1586 2087 Ceterum

963 2104 1114 2144 respexit
1126 2103 1171 2134 ad
1184 2103 1273 2133 hunc
1283 2104 1394 2133 locum
1406 2101 1434 2132 P
1443 2112 1459 2132 r
1468 2113 1486 2133 0
1496 2112 1513 2131 c
1522 2102 1531 2132 l
1541 2111 1561 2131 u
1571 2112 1586 2132 s

963 2149 1084 2180 Theol.
1110 2148 1198 2180 Plat.
1223 2148 1257 2179 δ”.
1274 2147 1329 2181 35.
1355 2157 1386 2187 p.
1401 2147 1480 2180 322.
1499 2152 1585 2180 extr.

999 2190 1027 2234 ἦ
1064 2191 1107 2224 δὲ
1142 2190 1191 2224 αὖ
1226 2203 1307 2223 που
1355 2190 1459 2232 παρ’·

1172 2239 1380 2278 Intelligitur
1426 2238 1586 2269 Minerva

962 2237 1108 2280 κόρὴ]
1533 2283 1584 2313 De

963 2285 1176 2316 Athenarum
1209 2284 1274 2315 dea
1308 2283 1474 2314 tutelaris.

1495 2188 1586 2233 ἡμῖν
1623 2201 1641 2225 115¹·

961 2331 1099 2361 nomine
1124 2328 1206 2368 κόρη
1228 2338 1322 2360 more
1346 2336 1408 2360 suo
1433 2329 1586 2369 disputat
1622 2330 1633 2365 3²«

958 2375 1134 2407 Proelus
1169 2374 1291 2405 Theol.
1329 2374 1417 2405 Plat.
1453 2374 1495 2405 V.
1526 2372 1582 2406 35.
1619 2383 1630 2422 j,

957 2431 989 2462 p.
1014 2420 1091 2454 323.
1117 2423 1150 2450 et
1174 2419 1235 2453 VI.
1263 2419 1316 2453 12.
1346 2429 1379 2460 p.
1404 2418 1471 2452 372
1530 2418 1583 2449 Ea
1621 2425 1628 2455 g.

958 2467 1093 2505 dicitur,
1121 2465 1265 2496 choreae
1290 2465 1380 2496 ludis
1404 2464 1582 2501 delectata,

958 2511 1060 2543 nudis
1100 2511 1257 2542 manibus
1292 2510 1476 2542 ludendum
1510 2517 1579 2539 non
1616 2504 1631 2547 2¹22·

959 2566 1033 2588 esse
1058 2556 1273 2600 iudicavisse,
1299 2557 1360 2588 sed
1382 2554 1485 2586 armis
1509 2557 1581 2584 tota
1618 2552 1627 2588 ξ

958 2605 1079 2633 ornata
1103 2601 1144 2633 ad
1177 2602 1391 2634 saltationem
1416 2608 1579 2640 peragen-
1617 2603 1627 2638 [f

960 2648 1036 2679 dam
1071 2657 1104 2678 se
1140 2649 1339 2680 accinxisse.

1394 2644 1456 2676 Est
1491 2644 1577 2675 enim
1616 2640 1629 2675 3³1
