1644 2886
252 111 344 149 :244
709 104 1162 148 ARGUMENTUM

198 252 203 254 >
267 219 428 271 vivere,
464 226 509 258 ut
534 217 664 259 >ludos
693 216 828 258 faciat
858 231 986 271 quam
1018 216 1340 270 pulcherrimos.
1380 218 1606 260 Falluntur

267 275 406 326 enim,
451 273 525 326 qui
568 272 678 314 seria
715 271 860 314 studia
910 272 1170 313 arbitrantur
1206 272 1406 315 ludorum
1454 289 1606 317 caussa

269 328 511 371 exercenda
552 342 658 369 esse.
729 327 905 383 Quippe
944 327 1028 382 ipsi
1057 326 1251 370 homines
1281 343 1480 385 magnam
1509 345 1606 385 par-

265 394 351 426 tem
392 383 713 426 suntiludicrae
751 383 959 439 imagines
1000 388 1043 427 et
1073 384 1262 425 veritatis
1293 399 1442 439 parum
1473 385 1605 440 parti-

267 440 408 495 cipes,
441 438 654 492 siquidem
687 437 742 478 ad
771 438 897 480 deum
929 445 1233 492 comparantur
1263 441 1325 494 (p.
1356 442 1451 481 802.
1479 443 1521 482 A
1555 464 1605 471 --

267 496 363 537 804.
404 495 488 546 Β.).
527 519 583 524 --—
650 495 797 547 Atque
836 494 903 536 his
943 494 1150 549 expositis
1190 495 1274 536 iam
1304 510 1390 537 non
1421 496 1606 537 alienum

267 550 348 592 erit
378 550 506 592 etiam
537 549 589 591 de
620 549 890 605 gymnastica
908 549 1178 591 institutione
1197 551 1347 605 paucis
1378 566 1606 607 exponere,

267 607 557 648 Arcessantur
595 606 727 661 igitur
766 605 983 661 peregrini
1024 605 1176 646 harum
1214 621 1356 647 rerum
1393 607 1605 663 magistri,

268 662 344 716 qui
384 660 581 703 mercede
622 660 825 703 conducti
866 661 1180 716 in,gymnasiis
1210 676 1378 703 omnem
1407 663 1607 705 iuventu-

267 726 355 759 tem
395 717 560 759 virilem
598 716 762 770 pariter
803 731 853 758 ac
894 716 1143 758 muliebrem
1186 716 1424 762 instituant.
1492 719 1606 760 Nam

269 771 386 827 quod
425 773 553 813 etiam
576 772 773 813 >feminas
805 771 1011 813 volumus·
1030 771 1097 813 his
1130 773 1512 815 exercitationibus
1542 774 1607 815 in-

270 836 455 880 teresse,
496 827 541 868 id
581 842 837 881 quamquam
878 842 902 868 a
932 827 1210 881 plurimarum
1240 829 1460 871 civitatum
1490 845 1607 871 more

270 891 313 925 et
349 882 663 926 consuetudine
702 882 829 938 longe
862 881 1213 935 recedit,:tamen
1243 899 1323 925 nec
1353 884 1609 927 adversatur

269 946 447 981 naturae
487 938 734 990 mulierum,
776 944 819 979 et
859 937 943 991 ipsi
972 939 1127 980 rationi
1158 945 1495 982 consentaneum
1525 947 1606 994 est,

270 993 620 1049 quandoquidem
661 994 851 1047 alioquin
893 993 1045 1035 civitas
1089 994 1222 1035 altera
1262 995 1328 1036 sui
1359 1002 1482 1050 parte
1512 1002 1607 1038 tan·-

271 1065 397 1105 quam
436 1049 591 1091 debilis
634 1055 675 1090 et
714 1063 866 1090 manca
904 1049 1048 1090 futura
1078 1050 1242 1104 esset(
1286 1082 1294 1090 .
1335 1052 1430 1093 804.
1472 1050 1521 1093 C.
1553 1075 1608 1082 —

271 1108 364 1147 806.
397 1103 483 1159 G).
516 1129 566 1135 —-
628 1104 719 1146 Iam
739 1119 840 1146 vero
872 1105 1185 1158 quaerentibus
1200 1065 1323 1147 nobis
1353 1106 1405 1148 de
1435 1107 1608 1149 vivendi

271 1162 450 1212 ratione,
483 1175 592 1215 quae
611 1160 778 1202 civibus
800 1160 958 1202 nostris
989 1161 1164 1216 propria
1195 1176 1290 1203 esse
1321 1161 1489 1216 debeat,
1522 1163 1607 1217 pri-

270 1232 338 1258 mo
371 1215 543 1270 quidem
575 1215 784 1272 adspectu
815 1215 1042 1257 videantur
1071 1217 1200 1257 vitam
1220 1217 1308 1258 otio
1335 1224 1382 1259 et
1409 1218 1609 1260 socordia

271 1287 396 1328 posse
416 1272 668 1327 transigere,
701 1270 912 1326 siquidem
931 1271 984 1313 ab
1015 1271 1081 1313 his
1112 1272 1491 1316 exercitationibus
1522 1273 1608 1316 dis-

268 1330 540 1370 cesserimus.
619 1326 751 1380 Quod
788 1333 929 1369 tamen
967 1327 1095 1382 longe
1133 1342 1257 1370 secus
1296 1334 1376 1370 est.
1443 1329 1608 1385 Propo-

272 1384 400 1426 situm
443 1384 553 1425 enim
582 1383 666 1425 illis
706 1389 796 1437 est,
827 1388 892 1424 fut
941 1396 1097 1437 corpus
1143 1383 1306 1438 pariter
1350 1390 1479 1437 atque
1517 1385 1607 1426 ani-

272 1455 383 1481 mum
429 1440 484 1481 ad
524 1439 695 1481 virtutis
752 1453 877 1493 quam
926 1438 1133 1479 maximae
1182 1439 1489 1493 perfectionem
1535 1455 1608 1482 ex·

272 1496 430 1538 colant.
505 1495 571 1536 Ea
615 1509 716 1536 vero
766 1508 833 1535 res
891 1493 1118 1548 plurimum
1174 1493 1307 1536 studii
1353 1509 1402 1536 ac
1448 1495 1608 1538 laboris

271 1551 352 1592 sibi
394 1550 602 1605 deposcit.
679 1549 969 1602 Quamobrem
1019 1549 1145 1590 etiam
1186 1549 1292 1591 ordo
1331 1550 1505 1605 quidam
1544 1552 1608 1593 vi-

272 1614 340 1647 tae
380 1606 434 1647 iis
476 1605 793 1660 praescribatur
835 1610 1133 1646 necesseest.
1210 1604 1482 1659 Quamquam
1528 1622 1607 1662 pu-

273 1661 408 1702 tidum
456 1660 586 1703 fuerit
619 1666 662 1703 et
702 1660 918 1714 ineptum,
968 1660 1004 1700 si
1054 1659 1196 1714 legum
1235 1660 1432 1706 conditor
1466 1663 1641 1704 omnia¹

273 1731 322 1758 ac
360 1716 557 1772 singula,
591 1731 701 1770 quae
732 1715 815 1756 huc
844 1714 1108 1770 pertineant,
1150 1730 1348 1757 enarrare
1378 1723 1424 1759 et
1461 1718 1608 1774 singu-

273 1772 390 1814 latim
447 1772 647 1826 persequi
701 1770 817 1812 velit.
904 1768 1121 1822 Quocirca
1188 1771 1291 1813 satis
1350 1772 1431 1813 erit
1476 1787 1607 1826 quae-

274 1828 370 1870 dam
407 1828 642 1883 generatim
681 1826 733 1867 de
760 1825 826 1868 his
857 1826 984 1867 rebus
1015 1826 1279 1881 exposuisse.
1339 1827 1492 1882 Itaque
1520 1829 1607 1884 pri-

273 1898 387 1925 mum
426 1882 600 1937 quidem
638 1887 806 1937 tempus
845 1887 1100 1923 nocturnum
1139 1881 1198 1922 ita
1233 1883 1519 1938 transigatur,
1559 1889 1608 1926 ut

274 1954 328 1981 ne
358 1938 484 1980 nimis
513 1938 790 1993 indulgeatur
808 1951 960 1979 som-no
987 1951 1037 1978 ac
1067 1936 1271 1980 desidiae.
1332 1939 1424 1980 Imo
1456 1953 1606 1981 somno

273 2001 449 2037 eatenus
488 1999 656 2036 tantum
702 1992 908 2034 utendum
950 1998 1039 2044 est,
1071 1998 1283 2047 quatenus
1311 1993 1356 2034 id
1386 1994 1608 2048 postulant

272 2050 457 2092 rationes
485 2048 756 2092 valetudinis.
815 2048 921 2091 Dies
950 2053 1093 2090 autem
1110 2049 1245 2090 transi
1279 2049 1292 2090 i
1322 2049 1449 2091 debet
1478 2051 1610 2093 alacri

273 2120 324 2147 ac
353 2111 528 2147 strenuo
557 2106 703 2147 labore
735 2105 795 2159 (p.
827 2105 922 2146 806.
948 2103 1006 2146 D.
1036 2127 1087 2134 -—
1120 2104 1214 2146 808.
1244 2065 1330 2158 ὅ).
1363 2129 1415 2134 -
1472 2107 1607 2149 Mane

274 2161 396 2216 pueri
444 2160 555 2202 itent
583 2160 655 2202 :ad
706 2159 932 2215 magistros
983 2160 1284 2204 comitantibus
1327 2159 1605 2218 paedagogis.

275 2215 537 2258 Continendi
575 2216 687 2257 enim
726 2215 789 2256 illi
827 2220 927 2256 sunt
956 2214 1070 2256 omni
1101 2214 1351 2269 disciplinae
1383 2215 1607 2272 diligentia
1643 2254 1644 2258 ,

274 2280 424 2313 tama
463 2270 728 2327 paedagogis
758 2285 883 2324 quam
919 2285 943 2311 a
972 2270 1199 2325 magistris,
1230 2284 1284 2311 ne
1314 2273 1502 2325 protervi
1532 2279 1607 2314 aut

276 2332 551 2370 contumaces
581 2327 781 2369 existant.
840 2325 1057 2380 Imprimis
1079 2340 1298 2368 servorum
1315 2326 1406 2379 filii,
1438 2327 1475 2369 si
1500 2328 1606 2382 quid
1643 2333 1644 2336 ’

276 2382 494 2424 inhonesti
530 2384 575 2423 in
612 2397 659 2424 se
702 2381 955 2434 admittant,
986 2395 1072 2422 non
1101 2381 1237 2422 solum
1268 2396 1294 2422 a
1323 2381 1604 2439 paedagogis,
1642 2397 1644 2409 ³

275 2438 352 2481 sed
391 2437 519 2480 etiam
559 2453 584 2479 a
621 2437 774 2492 quovis
814 2437 1005 2492 ingenuo
1035 2435 1275 2491 castigandi
1304 2443 1415 2479 sunt.
1476 2437 1605 2491 Quod
1642 2447 1644 2488 j

276 2500 324 2536 ut
350 2493 433 2535 rite
462 2492 555 2547 fiat,
586 2507 735 2535 curare
765 2492 898 2534 debet
925 2492 977 2545 is,
1009 2491 1076 2533 cui
1106 2491 1351 2534 universum
1368 2494 1605 2536 iuventutis
1642 2490 1643 2496 ¹

277 2548 526 2591 educandae
572 2563 725 2591 munus
766 2553 809 2590 et
845 2547 1036 2590 officium
1084 2546 1387 2590 demandatum
1424 2555 1487 2591 est
1530 2550 1603 2613 (p.

277 2605 371 2648 808.
414 2604 469 2646 D.
512 2629 561 2635 ——
595 2606 688 2647 809.
720 2605 816 2658 Α.).
849 2628 900 2633 --
969 2599 1057 2645 Sed
1097 2602 1166 2645 hic
1204 2603 1296 2659 ipse
1335 2603 1603 2647 educationis
