1644 2886
274 81 354 120 ΒΜ

272 190 330 232 qm'
352 189 455 222 tribus-
479 189 576 220 anm's
601 187 772 227 manticam,
794 187 904 229 quoad

272 234 354 278 ipsis
380 233 561 273 conducat,
596 231 746 265 celeriter
767 243 904 274 percep·

271 279 340 312 turi
374 279 451 311 sint.
498 279 547 308 At
589 278 679 308 enim
722 286 805 309 vero
840 277 903 308 etsi

272 325 358 356 haec
398 324 581 354 verborum
616 323 803 363 explicatio
835 327 904 354 tam

273 374 367 400 certa
404 368 541 399 videtur
572 377 648 399 esse
679 378 782 408 quam
812 367 905 409 quod

271 420 324 445 est
361 414 610 451 certissimum,
649 418 764 444 tamen
795 413 838 444 de
868 423 905 444 re

271 460 348 499 ipsa
371 457 474 489 facile
505 458 670 498 ambigas.
720 457 809 488 Nam
834 468 903 498 quo

272 503 413 534 tandem
439 503 543 534 modo
566 502 811 534 arbitrabimur
828 503 903 534 fieri

271 548 441 588 potuisse,
466 552 503 578 ut
529 548 631 578 aliter
657 552 796 578 caneret
817 548 904 588 lyra,

271 594 361 624 alios
388 597 508 623 cantus
536 593 697 624 funderet
723 593 905 624 modorum

270 639 480 669 musicorum
506 638 651 668 auctor?
677 636 850 668 Nimirum
870 638 905 669 id

270 684 409 724 quidem
433 689 578 723 apparet
593 693 663 713 non
681 693 750 714 una
771 684 906 714 ratione

269 728 424 768 potuisse
466 728 580 766 ‘effici3
630 728 719 758 unde
766 727 906 759 fuerunt

270 773 373 803 etiam
407 782 475 803 non
510 773 628 813 pauci,
671 773 729 813 qui
766 778 903 804 cantum

269 818 472 858 figuratum,
505 827 605 857 quem
636 818 748 848 nostri
773 818 902 856 dicunt,

269 872 362 894 nunc
409 862 598 902 significari
646 863 903 896 contenderent.

269 908 426 948 adeoque
456 907 536 938 hinc
569 908 788 947 colligerent,
822 917 903 938 con-

268 953 403 983 tinuum
451 953 601 991 plurium
644 962 766 983 vocum
815 953 905 983 inter

270 1007 306 1028 se
370 997 636 1027 consonantium
701 1002 904 1028 concentum

269 1042 443 1072 veteribus
468 1040 613 1072 Graecis
642 1042 761 1081 utique
786 1046 905 1073 notum

269 1092 303 1117 et
336 1088 499 1117 usitatum
531 1087 647 1117 fuisse.
691 1086 814 1127 Itaque
839 1086 906 1117 dif-

268 1132 407 1163 fiicilior
438 1141 520 1162 sane
554 1131 655 1162 huius
690 1132 739 1162 rei
777 1132 904 1162 diiudi-

270 1177 360 1207 catio
413 1181 476 1207 est.
534 1175 607 1206 Nec
653 1181 765 1207 tamen
817 1177 904 1208 adeo

270 1232 310 1252 ea
334 1222 472 1252 videtur
503 1221 672 1260 difficilis,
707 1226 744 1251 ut
768 1231 822 1252 res
847 1231 903 1252 ex-

269 1266 381 1306 pediri
415 1275 557 1307 prorsus
590 1271 750 1306 nequeat.
799 1267 905 1297 Plura

269 1313 359 1342 enim
395 1315 581 1352 suppetunt
617 1321 717 1342 verae
757 1312 903 1342 rationis

267 1357 531 1396 investigandae
550 1360 654 1396 atque
678 1357 903 1395 reperiendae

267 1402 442 1441 praesidia
479 1406 513 1432 et
552 1402 763 1432 adiumenta.
814 1401 901 1433 Nam

268 1447 417 1486 primum
449 1447 586 1487 quidem
617 1447 812 1477 meminisse
844 1447 902 1477 de-

269 1492 405 1530 bemus,
438 1491 608 1532 dis-putari
638 1492 679 1522 de
719 1501 902 1530 puerorum

268 1537 499 1575 institutione,
527 1536 807 1575 quandoquidem
826 1536 902 1576 phi-

267 1581 434 1621 losophus
477 1582 512 1612 in
559 1590 600 1611 ea
647 1581 750 1611 vitari
792 1581 902 1620 iubet,

268 1636 355 1666 quae
390 1626 494 1666 vulgo
536 1625 697 1655 videntur
738 1635 902 1665 perquam

268 1672 397 1702 usitata
427 1671 546 1702 fuisse.
597 1669 770 1707 Quocirca
803 1680 901 1710 aper-

267 1722 340 1746 tum
373 1720 425 1746 est
467 1715 611 1756 cogitari
654 1720 818 1754 oportere
860 1716 902 1746 de

266 1761 455 1792 artificioso
500 1761 637 1800 quidem
680 1760 798 1799 aliquo
841 1761 901 1791 sed

267 1806 388 1837 eodem
414 1811 527 1836 tamen
555 1805 765 1845 simpliciore
794 1806 902 1836 citha-

266 1852 371 1881 ristae
413 1855 600 1888 concentu,
643 1860 711 1890 quo
751 1851 902 1890 tironum

266 1897 478 1927 cantantium
501 1905 567 1926 vox
593 1900 756 1935 tanquam
781 1895 902 1926 adiuta

265 1946 299 1971 ct
330 1946 523 1972 sustentata
557 1941 618 1979 sit,
654 1950 716 1971 nec
753 1950 833 1971 vero
858 1942 900 1972 de

264 1988 428 2017 continuo
460 1986 610 2026 quodam
641 1991 744 2016 cantu
778 1995 899 2016 vocum

264 2032 492 2072 complurium
518 2032 609 2061 inter
633 2039 669 2061 se
694 2040 754 2071 per
784 2032 901 2064 omnia

265 2077 516 2108 disiunctarum
551 2076 723 2116 planeque
759 2084 898 2115 separa-

263 2127 385 2153 tarum.
423 2121 561 2153 Deinde
586 2121 720 2152 iuvabit
745 2121 898 2152 tenuisse

263 2167 373 2205 legem
429 2167 542 2204 illam,
598 2166 897 2205 interpretationis

264 2212 376 2241 omnis
411 2211 714 2251 prudentissimam
739 2211 897 2242 modera-

262 2256 402 2293 tricem,
427 2265 515 2296 quae
542 2260 652 2289 vetat.
680 2264 722 2285 ne
749 2265 838 2286 nova
865 2262 898 2286 et

262 2301 421 2332 inaudita
455 2305 515 2332 aut
555 2300 660 2331 dubia
698 2305 731 2330 et
765 2301 898 2331 incerta

264 2346 489 2377 obtrudamus
515 2345 752 2385 scriptoribus,
777 2355 895 2385 quam-

262 2391 322 2422 diu
347 2391 498 2431 ipsorum
525 2390 630 2421 verba
654 2399 697 2421 ex
720 2391 763 2420 iis
791 2390 895 2421 habe-

262 2440 322 2467 ant
351 2436 510 2466 idoneam
537 2435 822 2475 explicationem,
853 2436 895 2466 de

263 2481 388 2521 quibus
411 2480 480 2512 iam
498 2480 638 2511 aliunde
662 2483 808 2511 constet.
833 2480 893 2511 Et-

262 2527 351 2557 enim
375 2525 634 2565 congruent-iam
661 2525 753 2556 illam
772 2535 891 2556 vocum

261 2581 302 2602 ac
333 2580 494 2602 sonorum
525 2570 758 2608 artificialem,
790 2580 890 2609 quam

262 2617 368 2648 nostri
407 2626 528 2646 vocare
565 2616 675 2645 solent
716 2615 887 2646 harmoni-

945 2117 1072 2161 'phum
1117 2121 1186 2151 illis
1236 2121 1348 2151 verbis

750 75 1115 118 PLATONIS

971 197 1057 226 cam,
1075 186 1217 219 Graecis
1242 192 1360 219 notam
1383 187 1506 228 fuisse,
1533 187 1607 218 uul-

970 233 1014 263 lis
1061 233 1288 272 testimoniis,
1331 241 1417 272 quae
1470 233 1608 274 quidem

971 281 1066 309 certa
1093 278 1182 317 sint,
1218 277 1331 309 evinci
1364 281 1424 308 aut
1466 279 1607 310 demon-

972 323 1073 354 strari
1105 327 1237 362 potest3
1272 323 1315 354 de
1345 332 1412 363 qua
1442 333 1480 354 re
1516 323 1608 354 infra

972 368 1124 398 dicemus
1140 368 1355 408 explicatius.
1376 366 1608 404 Quamobrem

972 422 1046 444 eam
1078 422 1121 443 ne
1153 413 1209 444 hic
1244 414 1383 454 quidem
1417 413 1607 453 significari

973 458 1161 489 verisimile
1186 463 1255 496 est,
1281 457 1453 498 siquidem
1479 459 1548 489 alia
1571 458 1607 488 in

939 518 942 521 ⁴
972 507 1109 542 promtu
1143 503 1310 534 habeatur
1344 503 1527 534 verborum
1550 503 1607 533 in-

972 548 1185 587 terpretatio.
1224 548 1277 578 Ea
1301 557 1384 578 vero
1410 553 1533 588 parata
1557 552 1610 578 est

973 593 1057 623 satis
1082 593 1290 633 probabilis,
1323 596 1357 623 et
1393 593 1532 633 quidem
1557 597 1607 623 ta-

974 638 1034 676 lis,
1061 647 1149 678 quae
1175 643 1208 669 et
1236 642 1442 669 concentum
1467 637 1607 669 cithari-

973 688 1065 721 stae,
1109 683 1267 723 quamvis
1314 682 1606 722 artificiosiorem,

974 732 1088 758 tamen
1121 728 1242 767 puerili
1277 727 1494 759 institutioni
1525 737 1606 758 con-

973 773 1166 802 venientem
1189 773 1297 803 fuisse
1333 773 1522 803 clarissime
1545 782 1605 812 pa-

972 818 1122 855 tefaciat,
1147 826 1209 848 nec
1234 827 1317 848 vero
1347 818 1472 849 ceteris
1496 818 1606 848 histo-

972 863 1044 892 riae
1070 862 1277 893 testimoniis
1302 867 1362 892 aut
1386 863 1471 902 ipsis
1498 863 1605 902 scrip-

971 907 1058 937 toris
1095 907 1208 938 verbis
1243 907 1442 938 reluctetur.
1499 906 1602 946 Nam,

972 958 1009 982 ut
1028 961 1099 982 rem
1118 952 1236 992 paucis
1260 952 1604 992 comprehendamus,

972 996 1133 1027 videntur
1157 998 1254 1036 pueri
1271 997 1401 1028 musica
1420 997 1605 1035 discentes,

973 1042 1073 1072 sicuti
1097 1042 1147 1071 rei
1172 1046 1316 1072 naturae
1350 1042 1528 1080 convenit,
1560 1042 1607 1074 le-

973 1096 1050 1126 gem
1074 1086 1253 1118 modorum
1278 1087 1444 1118 musicam
1459 1096 1480 1118 a
1502 1086 1606 1127 poeta

973 1132 1221 1172 praescriptam
1255 1133 1406 1170 pressius
1441 1141 1515 1164 esse
1553 1141 1604 1162 se-

974 1178 1090 1217 quuti,
1128 1181 1186 1207 aut
1227 1177 1472 1216 simpliciorem
1510 1177 1605 1207 illam

973 1232 993 1252 a
1038 1221 1212 1260 magistris
1259 1223 1451 1261 accepisse,
1499 1232 1603 1261 quum

971 1267 1103 1306 fidicini
1131 1266 1195 1297 hoc
1223 1271 1313 1297 esset
1339 1267 1473 1306 datum,
1499 1272 1536 1297 ut
1561 1267 1604 1297 ab

972 1312 1182 1352 simpliciore
1213 1312 1273 1343 illa
1312 1311 1461 1343 formula
1501 1317 1604 1342 cantu

971 1367 1034 1387 suo
1062 1357 1190 1396 passim
1214 1357 1376 1388 recedere
1404 1361 1507 1397 atque
1533 1367 1603 1387 mo-

972 1402 1034 1432 dos
1070 1402 1249 1441 multiplici
1285 1402 1421 1432 ratione
1467 1402 1604 1432 variare

971 1451 1004 1476 et
1028 1446 1251 1478 artificiosius
1276 1456 1446 1477 exornare
1476 1446 1603 1477 liceret.

971 1491 1073 1528 Quod
1099 1492 1128 1522 si
1152 1492 1202 1522 ita
1224 1492 1302 1529 fuit,
1327 1492 1509 1531 magister,
1544 1492 1602 1532 qui

970 1536 1046 1576 lyra
1070 1536 1278 1575 succinebat,
1303 1546 1372 1568 non
1401 1536 1505 1568 modo
1531 1536 1602 1567 for-

970 1582 1095 1611 mulam
1117 1582 1240 1612 cantici
1265 1591 1304 1612 ac
1328 1582 1515 1612 melodiam
1533 1586 1601 1612 tra-

970 1626 1085 1656 ctabat
1099 1626 1254 1664 liberius,
1269 1627 1319 1658 ita
1335 1630 1448 1657 tamen
1466 1631 1503 1656 ut
1522 1636 1600 1657 can-

969 1675 1041 1701 tum
1065 1671 1163 1710 pueri
1189 1671 1290 1702 simul
1321 1675 1459 1711 regeret
1483 1675 1516 1701 et
1540 1671 1602 1702 ad-

969 1716 1120 1756 iuvaret,
1159 1725 1275 1747 verum
1301 1716 1420 1754 etiarn,
1446 1716 1526 1747 dum
1552 1716 1601 1746 ita

970 1760 1134 1798 faciebat,
1170 1762 1296 1800 passim
1332 1760 1542 1792 admiscebat
1567 1765 1601 1791 et

969 1806 1066 1844 quasi
1107 1806 1357 1845 attemperabat
1400 1806 1515 1836 varios
1559 1815 1599 1835 ae

968 1851 1127 1881 diversos
1155 1860 1271 1892 sonos,
1299 1851 1355 1891 qui
1382 1851 1480 1890 pueri
1507 1851 1599 1880 voci-

968 1895 1030 1926 bus
1055 1897 1118 1935 'per
1143 1896 1326 1926 intervalla
1351 1895 1518 1935 quaedam
1547 1905 1599 1925 re-

969 1941 1179 1980 sponderent
1192 1941 1342 1981 ideoque
1359 1940 1504 1970 subinde
1518 1950 1599 1970 con-

968 1990 1087 2016 centus
1114 1986 1282 2026 quosdam
1318 1985 1494 2016 efficerent
1518 1994 1599 2015 con-

969 2031 1091 2062 cordes
1115 2036 1218 2071 atque
1243 2034 1483 2070 congruentes.
1522 2029 1599 2060 Hoc

967 2076 1074 2115 igitur
1105 2076 1190 2106 illud
1214 2081 1281 2115 est,
1318 2074 1411 2116 quod
1442 2074 1596 2114 philoso-

1399 2119 1597 2159 significare

967 2166 1119 2197 voluisse
1149 2166 1251 2206 plane
1289 2165 1390 2196 nobis
1423 2164 1594 2204 persuasi-

967 2221 1052 2241 mus.
1100 2211 1214 2250 Atque
1240 2220 1314 2241 eam
1337 2209 1595 2248 interpretatio-

967 2266 1042 2285 nem
1078 2255 1282 2286 confirmant
1313 2264 1381 2285 non
1413 2253 1594 2284 mediocri-

966 2306 1035 2339 ter,
1075 2310 1162 2340 quae
1199 2300 1291 2339 apud
1326 2298 1594 2329 Athenaeum

966 2345 1061 2375 XIV.
1098 2354 1130 2384 p.
1167 2344 1245 2378 617.
1291 2347 1494 2381 narrantur,
1535 2342 1593 2372 ubi

964 2389 1124 2421 Pratinas
1154 2390 1280 2421 dicitur
1308 2388 1461 2428 graviter
1484 2389 1594 2418 incre-

962 2435 1080 2475 puisse
1102 2434 1273 2473 tibicines,
1299 2434 1392 2474 quod
1409 2433 1504 2464 chori
1520 2441 1592 2463 mo-

963 2480 1024 2511 dos
1057 2488 1176 2519 parum
1207 2483 1367 2510 accurate
1402 2481 1592 2514 servarent,

961 2523 1027 2556 hoc
1068 2528 1137 2562 est,
1181 2525 1334 2555 carmina
1377 2523 1592 2564 praescripta

960 2569 1219 2600 modularentur
1253 2569 1409 2606 liberius3
1449 2569 1490 2599 de
1522 2573 1588 2606 qna

959 2624 993 2643 re
1033 2614 1100 2644 alio
1139 2618 1292 2653 tempore
1329 2612 1586 2653 explicabimus.
