1644 2886
262 94 341 133 290
733 90 763 130 P
779 89 816 130 L
831 90 869 130 A
886 88 921 129 T
935 87 974 130 O
994 89 1031 130 N
1049 88 1112 130 IS

361 209 460 250 KA.
532 208 678 255 Ποίας
715 204 766 258 δὴ
803 207 954 258 λέγειςς
1469 251 1474 257 ,

364 273 460 315 ΑΘ.
531 272 621 314 Τοῦ
660 273 934 326 καθιερῶσαι
952 273 1099 314 πᾶσαν
1122 272 1201 325 μὲν
1227 268 1416 326 ὄρχησιν,
1439 269 1583 314 πάντα

267 341 309 380 δὲ
344 340 462 393 μέλη,
498 337 715 388 τάξαντας
751 339 924 393 πρῶτον
956 339 1035 391 μὲν
1069 336 1150 386 τὰς
1184 326 1354 392 ἑορτάς,
1389 338 1584 389 συλλογι-

267 410 478 459 σαμένους
511 407 569 452 εὶς
603 403 682 446 τὸν
718 401 919 446 ἐνιαυτὸν
952 401 1130 452 ἂςτινας
1164 408 1208 444 ὲν
1233 402 1298 453 οἷς
1313 401 1490 458 χρόνοις
1516 405 1588 445 καὶ

268 469 446 520 οἷςτισιν
489 468 688 519 ἑκάστοις
731 472 817 511 τῶν
861 471 983 511 θεῶν
1027 472 1098 512 καὶ
1142 471 1262 511 παισὶ
1306 469 1475 512 τούτων
1517 471 1588 510 καὶ

270 538 445 590 δαίμοσι
486 539 717 588 γίγνεσθαι
755 536 917 590 χρεών,
952 535 1059 589 μετὰ
1109 538 1152 577 δὲ
1202 537 1360 583 τοῦτο,
1397 537 1464 577 ἐπὶ
1498 541 1589 583 τοῖς

271 604 357 644 τῶν
402 603 523 643 θεῶν
569 600 770 657 θύμασιν
811 600 1010 651 ἑκάστοις
1053 599 1107 652 ἣν
1144 599 1259 655 ᾠδὴν
1296 603 1358 643 δεῖ
1391 606 1589 657 ἐφυμνεῖ-

270 670 403 720 σθαι,
424 670 505 710 καὶ
527 673 716 722 χουείαις
750 682 960 721 ποιαισι)
964 671 1150 722 εραίυειν
1183 666 1263 719 τὴν
1287 667 1384 709 τότε
1411 669 1589 716 θυσίαν,

271 734 397 786 τάξαι
442 735 520 787 μὲν
563 736 736 795 πρῶτον
773 734 916 783 τινάς,
951 731 979 774 ἃ
1019 733 1060 775 δ
1097 731 1153 774 ἂν
1189 735 1362 792 ταχθῇ,
1398 734 1591 788 Μοίραις

269 804 339 843 καὶ
380 808 466 849 τοῖς
501 799 649 849 ἄλλοις
686 801 789 842 πᾶσι
827 802 952 848 θεοῖς
990 798 1222 848 θύσαιτας
1265 815 1387 857 κοινῃ
1420 797 1591 847 πάντας

303 985 308 992 1
364 940 403 971 P.
428 940 504 973 799.
552 934 573 970 ἆ
597 936 631 970 δ’
657 936 703 970 ἄν
730 938 883 979 ταχθῇ]
910 932 943 968 δ’
976 949 1041 969 om.
1066 949 1116 979 pr.
1145 942 1182 970 Α.
1211 936 1248 970 Ω.
1285 931 1470 978 ΡτονιιΙς.
1498 935 1589 977 τάξαι

275 996 332 1024 μεν
360 988 495 1025 πρῶτον
524 986 614 1016 τίνας
636 986 706 1017 iam
735 986 818 1016 olim
849 985 971 1024 scripsi
1006 984 1049 1014 de
1080 984 1278 1015 coniectura
1301 983 1468 1024 Stephani
1499 980 1592 1022 τάξαι

276 1042 331 1071 πρ.
365 1029 469 1067 τινάς,
493 1031 587 1072 quod
619 1031 721 1063 etiam
753 1030 868 1061 Herm.
906 1034 938 1060 et
971 1028 1073 1060 Schu.
1107 1029 1305 1069 probarunt.
1361 1028 1402 1059 In
1433 1029 1519 1059 Ven.
1553 1027 1589 1060 Ξ.

275 1078 439 1118 scriptum
463 1081 559 1108 extat
585 1074 650 1106 τάς.

275 1200 328 1231 καὶ
360 1196 511 1239 φανερὰν
541 1196 724 1238 γενομένην
745 1195 823 1236 (τὴν
850 1194 896 1226 δι·

275 1243 479 1299 καιοσύνην)
539 1237 804 1283 sssssamoal'ueaefl·
859 1238 898 1272 ἄν

275 1286 352 1331 παρ’
384 1286 461 1330 ἡμῖν
491 1285 617 1320 αὐτοῖς
664 1287 719 1319 De
750 1287 826 1327 ἔχον
858 1283 900 1317 ἂν

258 1337 326 1377 Ἰἐἴη
360 1346 391 1366 v.
422 1335 465 1366 ad
489 1333 671 1366 Phaedon.
696 1342 728 1374 Ρ.
755 1332 831 1366 100
853 1332 898 1363 D.

276 1382 393 1423 Symp.
417 1391 464 1433 Ρ.
474 1379 551 1413 216.
576 1379 618 1409 Ε.
646 1378 754 1418 Legg.
775 1378 838 1410 IV.
865 1388 898 1418 p.

279 1424 353 1462 713.
377 1426 418 1457 Β.
446 1419 486 1466 ἧς
509 1426 632 1465 μιμημα
656 1423 779 1464 ἔχουσά
800 1421 897 1453 ἐστιν.

323 1472 363 1504 P
378 1471 455 1505 799.
497 1469 634 1502 Ποιας
658 1468 706 1510 δὴ
732 1467 900 1509 λέγεις;]

278 1516 386 1549 Ποίας
410 1526 472 1557 pro
504 1516 660 1556 genitivo
683 1515 833 1554 accipias
858 1514 901 1544 ob

277 1567 513 1602 antegressum
539 1560 596 1601 τῆς
621 1560 686 1590 τῶν
709 1559 903 1600 Αἰγυπτίων

277 1618 353 1639 cum
378 1606 481 1647 λέγεις
505 1607 634 1637 iuncto.
673 1603 903 1642 Quamobrem

277 1654 439 1692 deinceps
472 1660 609 1693 quoque
640 1651 794 1690 genitivo
823 1658 903 1680 casu

277 1699 447 1740 pergitur:
480 1695 552 1728 Τοῦ
581 1695 788 1736 καθιερῶσαι
820 1705 849 1725 κ.
878 1705 902 1724 τ

279 1745 304 1774 λ.
328 1744 386 1775 ubi
411 1743 553 1774 fuerunt
567 1742 626 1782 qui
644 1745 770 1772 temere
783 1740 905 1793 pedem

277 1790 517 1830 impingerent.
563 1787 701 1818 Etenim
732 1785 832 1826 λέγω,
859 1780 906 1815 οἶ-

278 1845 346 1874 μαι,
369 1831 552 1875 βοιὶλομαι,
585 1837 618 1863 et
647 1832 676 1863 si
709 1840 796 1872 quae
827 1834 909 1862 sunt

278 1881 416 1920 similia,
432 1889 533 1920 saepe
551 1878 713 1910 diountur
733 1877 907 1914 absolute,

280 1931 318 1957 ut
339 1936 411 1957 non
435 1925 589 1956 afficiant
619 1922 803 1954 verborum
829 1921 908 1953 reli—

280 1981 427 2013 quorum
452 1969 751 2001 constructionem.
794 1966 907 1998 Simil-

279 2018 362 2049 Iima
393 2021 472 2048 sunt
501 2024 588 2056 quae
623 2014 663 2045 de
690 2014 759 2045 hoc
783 2021 908 2054 genere

279 2063 397 2104 posuit
436 2059 677 2092 Lobeckius
720 2059 764 2090 ad
806 2058 906 2089 Aiac-

283 2119 312 2141 v.
343 2107 420 2141 569.
457 2105 674 2137 Demosth.
711 2105 753 2136 de
789 2102 908 2134 Chers.

283 2162 316 2194 p.
333 2152 389 2187 96.
406 2152 439 2185 3.
466 2153 532 2182 τῶν
555 2148 615 2191 τὴν
637 2145 749 2180 Ἀσίαν
773 2146 909 2179 οἰκούν-

284 2208 349 2230 των
378 2198 473 2238 λέγω.
520 2196 575 2227 De
603 2195 697 2227 Fais.
721 2195 843 2234 Legat.
874 2204 908 2235 p.

284 2242 361 2278 388.
386 2243 441 2276 22.
468 2240 731 2282 Olynth.171.
757 2239 909 2280 Philipp.

284 2289 348 2322 111.
380 2288 413 2322 3.
440 2284 583 2327 χρήμασι
612 2286 665 2317 καὶ
698 2282 911 2326 στρατιώταις

286 2334 379 2376 λέγω.
416 2333 498 2365 Alia
521 2332 617 2364 dabit
641 2330 910 2417 Schaepferus

283 2382 450 2422 Apparet.
473 2377 654 2409 Demosth.
683 2378 747 2408 IV.
832 2374 908 2409 120

282 2425 361 2459 168.
390 2424 428 2455 V.
452 2434 486 2464 p.
500 2422 576 2456 442.
601 2423 654 2454 De
682 2418 735 2462 οἷμ
738 2432 770 2454 αι
772 2386 832 2451 Ρδὲ
855 2420 910 2451 καὶ

285 2468 339 2510 σύ,
365 2464 454 2509 οιμαι
479 2466 515 2499 δὲ
545 2468 597 2499 καὶ
623 2469 682 2498 σοι
701 2473 735 2499 et
761 2461 850 2505 οἶμαι
875 2463 911 2496 δὲ

285 2516 338 2548 καὶ
364 2514 400 2546 σέ
423 2514 502 2546 vide
513 2523 619 2601 pquae
644 2513 841 2554 scripsimus
867 2511 910 2544 ad

282 2561 403 2602 Remp.
580 2557 657 2592 608.
697 2558 741 2590 D.
797 2554 911 2597 Supra

282 2607 390 2647 Legg.
422 2559 470 2637 IX
481 2615 514 2646 Ρ.
513 2569 616 2638 Ρ647.
642 2603 686 2635 A
722 2601 763 2634 ὃν
788 2599 830 2643 δὴ
855 2601 911 2633 καὶ

285 2652 448 2690 καλοῦμεν
481 2649 539 2680 τὸν
573 2647 689 2688 φόβον
731 2645 822 2690 ἦμειε
861 2658 907 2688 γε,

968 1192 1056 1235 οἶμαι
1081 1195 1117 1226 δὲ
1142 1196 1194 1227 καὶ
1221 1194 1350 1230 πάντες,
1372 1192 1546 1234 αἰσχύνην.

1017 1240 1102 1272 Τοῦ
1149 1241 1420 1282 καθιερῶσαι
1459 1239 1594 1270 πᾶσαν

967 1286 1038 1326 μὲν
1062 1285 1256 1329 ὄρχησιν]
1283 1287 1336 1318 De
1355 1286 1423 1317 hoe
1435 1285 1594 1316 instituto

966 1333 1222 1373 Aegyptiorum
1261 1342 1292 1363 v.
1329 1332 1437 1371 Legg.
1482 1331 1523 1363 ΙΙ.
1561 1340 1594 1370 p.

967 1379 1045 1412 656.
1072 1377 1116 1409 D.
1131 1378 1173 1409 E.
1197 1376 1282 1417 Cap.
1298 1376 1330 1410 3.
1365 1376 1467 1407 Conf.
1492 1375 1594 1406 etiam

971 1423 1042 1455 Vll.
1066 1434 1098 1465 p.
1125 1422 1200 1457 816.
1224 1422 1268 1453 D.
1293 1422 1335 1453 E.
1367 1421 1445 1455 817.
1470 1420 1594 1452 A—D.

969 1469 1067 1500 VIII.
1102 1479 1134 1509 p.
1165 1468 1243 1502 829.
1273 1467 1318 1498 D.
1350 1477 1425 1507 sqq.
1473 1465 1596 1498 Parem

968 1516 1136 1546 rationem
1167 1512 1394 1554 philosophus
1426 1512 1528 1543 etiam
1552 1509 1596 1541 ad

969 1560 1137 1600 picturam
1167 1559 1366 1598 similesque
1403 1563 1494 1588 artes
1524 1561 1595 1587 tra-

970 1605 1048 1635 duci
1081 1605 1155 1634 vult
1178 1604 1232 1634 De
1256 1602 1340 1643 Rep.
1366 1602 1431 1633 ΙΙΙ.
1457 1612 1490 1642 p.
1516 1600 1595 1635 395.

970 1649 1013 1680 D.
1039 1649 1146 1689 Legg.
1171 1648 1221 1678 11.
1245 1658 1278 1688 p.
1305 1647 1382 1681 (556.
1411 1647 1456 1678 D.

1016 1691 1114 1733 μετὰ
1154 1692 1197 1724 δὲ
1238 1693 1379 1732 τοῦτο,
1412 1690 1478 1722 ἐπὶ
1510 1693 1598 1721 τοῖς

972 1739 1037 1780 -]
1077 1740 1133 1770 Ad
1174 1736 1251 1777 μετὰ
1285 1737 1320 1768 δὲ
1351 1737 1451 1768 τοῦτο
1480 1740 1598 1776 repete

973 1781 1323 1824 tdgavtastdeinde
1348 1784 1477 1814 etiam
1502 1791 1595 1812 con-

974 1832 1233 1868 stituentes,
1267 1830 1387 1859 inter
1417 1828 1598 1859 deorum

975 1875 1202 1907 sacrificia
1237 1884 1358 1914 quem
1403 1874 1598 1914 hymnum

976 1930 1133 1952 canere
1174 1921 1324 1951 deceat
1364 1922 1402 1950 et
1446 1918 1599 1959 quibus

976 1965 1292 1998 saltationibus
1329 1969 1429 1995 tunc
1471 1963 1597 1994 hono-

975 2012 1150 2044 randum
1212 2011 1267 2042 sit
1319 2008 1598 2042 sacrificium.

974 2057 1028 2088 De
1054 2054 1095 2099 ἥν
1117 2057 1176 2087 ubi
1203 2053 1244 2097 ἥν
1268 2066 1340 2086 τινα
1357 2058 1515 2094 expectes
1539 2061 1599 2092 po-

974 2104 1042 2135 sito
1074 2113 1104 2134 v.
1129 2101 1346 2133 Matthiae
1378 2098 1437 2130 Gr.
1464 2096 1496 2139 §.
1521 2097 1600 2131 485.

975 2152 1009 2180 et
1034 2157 1122 2189 quae
1144 2147 1225 2179 olim
1239 2146 1383 2187 exposui
1399 2145 1444 2175 ad
1458 2143 1599 2175 Menon.

973 2203 1007 2235 p.
1037 2193 1091 2227 92.
1123 2192 1162 2224 C.
1218 2191 1287 2224 Hic
1327 2191 1467 2232 quidem
1494 2190 1600 2220 locus

973 2240 1042 2270 isto
1074 2239 1213 2270 nomine
1246 2241 1297 2268 est
1331 2244 1499 2276 perquam
1531 2244 1599 2265 me-

974 2285 1167 2323 morabilis,
1194 2282 1320 2324 quippe
1356 2282 1392 2312 in
1422 2289 1490 2321 quo
1515 2280 1600 2311 rela-

975 2331 1048 2361 tiva
1086 2334 1120 2361 et
1155 2327 1407 2367 interrogativa
1441 2325 1600 2356 licentius

975 2376 1084 2406 mixta
1117 2378 1151 2406 et
1182 2373 1382 2404 consociata
1405 2374 1495 2402 sunt.
1543 2369 1602 2401 Sic

976 2421 1079 2452 etiam
1109 2418 1225 2473 paullo
1265 2421 1362 2449 ante.
1394 2413 1527 2447 ἄςτιναε
1566 2413 1601 2445 ἐν

978 2461 1032 2497 οἷς
1059 2462 1197 2518 χρόνοις
1223 2473 1287 2503 pro
1320 2461 1357 2493 ἐν
1390 2458 1528 2493 οἴςτισιν
1550 2470 1599 2500 χρ.

977 2510 1135 2542 Ceterum
1168 2504 1261 2551 ῳδῆν
1298 2513 1350 2540 est
1387 2508 1601 2548 hymnum3

975 2564 1006 2586 v.
1047 2554 1276 2596 spanhem.
1317 2554 1360 2586 ad
1401 2550 1599 2584 Callimach.

974 2601 1099 2641 Hymn.
1141 2601 1175 2631 in
1212 2599 1286 2631 Iov.
1325 2599 1347 2631 Ι.
1387 2607 1420 2639 Ρ.
1458 2595 1514 2630 29.
1547 2595 1600 2627 ed

976 2646 1056 2677 Em.
