1644 2886
254 112 306 150 76
728 110 1104 154 PLATONIS

253 230 507 275 κεκτημένος
551 222 755 279 ἀφίξεται
797 238 1030 278 χρηματα,
1080 220 1102 265 ὁ
1153 224 1192 266 δ’
1237 224 1476 275 ὲλαττονα,
1521 227 1584 268 δεῖ

252 288 305 340 δὴ
344 290 516 330 πολλῶν
551 292 673 329 ἕνεκα
711 289 797 329 τῶν
834 303 876 330 τε
915 305 1027 330 κατα
1067 288 1194 331 πόλιν
1239 293 1399 343 καιρῶν
1440 292 1582 342 ἰσότη-

253 371 328 402 τος
375 357 498 395 ἕνεκα
546 353 765 408 τιμήματα
810 350 942 396 ἄνισα
978 357 1212 409 γενέσθαι,
1257 359 1328 397 ἵνα
1372 356 1504 410 ἀρχαί
1541 373 1582 398 τε

253 436 323 460 και
368 422 563 475 ειςᾳουαὶ
608 436 680 460 και
724 421 931 473 διανομαὶ
977 419 1057 470 τὴν
1105 423 1181 471 τῆς
1226 420 1351 472 ἀξίας
1385 421 1584 471 ἑκάστοις

253 482 382 539 τιμὴν
424 481 484 538 μὴ
527 500 618 526 κατ

671 483 837 538 ἀρετὴν
878 483 1019 539 μόνον
1055 486 1136 536 τήν
1174 502 1215 528 τε
1250 486 1478 542 προγόνων
1514 505 1583 530 και

344 611 383 645 Ρ.
412 610 488 646 744.
541 610 579 643 Β.
627 609 734 653 μηδὲ
759 610 864 644 κατὰ
891 611 1116 655 σωμάτιον]
1145 613 1183 645 V.
1207 612 1306 655 μήτε,
1333 612 1422 654 quod
1450 613 1584 646 Bekke-

253 666 314 688 rus
340 657 488 688 correxit
516 666 557 688 ex
586 658 702 698 Augei.
731 661 765 688 et
791 668 840 699 pr.
868 658 915 689 Ω.

967 657 1077 689 Etiam
1116 659 1248 690 Monac.
1281 669 1322 690 ac
1357 658 1446 691 Flor.
1477 669 1506 691 a.
1534 668 1582 700 pr.

253 702 363 733 habet
386 700 480 743 μηδὲ.
531 701 661 734 Deinde
686 712 747 743 pro
775 705 863 743 vulg.
889 700 985 742 ἰσχὺν
1012 703 1064 734 καὶ
1088 700 1281 744 εὐμορφίαν
1296 705 1461 746 pluralem
1487 713 1583 745 prae-

251 747 399 779 buerunt
426 750 464 781 A.
493 746 531 780 B.

250 854 397 910 stoph.
425 856 537 889 Nuhb.
564 867 593 888 v.
619 857 716 892 1213.
743 854 883 897 ἄριστον

251 896 293 942 ἦν
319 901 804 945 Lucian.1’iscat.p.118.
831 904 885 937 ed.

252 947 330 988 Bip.
353 948 397 979 al.
446 949 576 980 Caussa
608 947 705 980 huius
730 958 811 981 usus
835 953 885 982 at-

249 1001 316 1033 que
340 992 427 1024 ratio
453 992 553 1025 hodie
578 1002 645 1024 non
666 992 797 1034 ignota.

296 1035 358 1068 δεῖ
380 1035 428 1078 δὴ
461 1038 624 1069 πολλῶν
653 1038 774 1071 ἕνεκα
806 1039 885 1070 τῶν

253 1092 293 1113 re
335 1082 439 1115 κατὰ
478 1081 599 1114 πόλιν
644 1083 708 1125 -]
755 1085 886 1116 Census

250 1127 527 1168 inaequalitatem
549 1129 597 1159 ait
615 1129 887 1162 constituendam

250 1182 329 1205 esse
349 1182 449 1214 quum
467 1174 511 1206 ob
531 1174 615 1205 alias
633 1184 785 1214 caussas,
813 1179 885 1206 tum

250 1218 428 1250 etiam‘eo
452 1219 616 1258 consilio,
656 1223 694 1251 ut
725 1219 756 1251 in
786 1229 886 1260 repu-

250 1263 351 1303 blica,
375 1269 538 1303 quantum
564 1263 639 1295 fieri
655 1265 776 1305 possit,
803 1274 887 1296 cou-

248 1312 409 1340 servetur
422 1308 622 1350 aequalitas.
643 1309 775 1342 Etenim
791 1309 883 1342 inae-

248 1354 395 1395 qualitas
419 1364 545 1386 census
563 1354 597 1385 in
623 1364 664 1386 eo
684 1354 793 1395 posita
819 1358 884 1393 est,

251 1398 344 1438 quod
393 1409 458 1440 pro
509 1408 612 1441 opum
653 1399 885 1442 magnitudine

250 1443 513 1476 constituendus
556 1443 691 1476 videtur
739 1445 886 1485 ideoque

249 1498 312 1530 pro
324 1488 520 1522 diversitate
531 1489 715 1530 bonorum,
731 1500 818 1531 quae
837 1489 885 1521 ci-

251 1543 311 1566 ves
328 1534 519 1575 possident,
541 1534 696 1567 diversus
713 1540 777 1567 est.
805 1535 884 1568 Quo

249 1579 325 1620 ipso
352 1583 465 1612 tamen
493 1581 593 1612 simul
620 1579 762 1612 eflicitur
786 1580 882 1621 quasi

247 1623 413 1665 quaedam
429 1625 550 1657 civium
565 1626 762 1666 aequalitas,
778 1634 883 1666 quan-

253 1669 434 1709 doquidem
476 1669 698 1710 prohibetur,
741 1680 783 1702 ne
823 1673 885 1701 ant

252 1715 351 1746 nimia
378 1719 560 1756 paupertas
576 1719 633 1746 aut
651 1715 753 1747 nimia
780 1724 882 1756 opum

235 1760 430 1800 ‘possessio
464 1760 593 1792 oriatur
622 1764 657 1792 et
688 1769 775 1801 quae
817 1760 884 1792 alia

251 1804 284 1836 id
324 1815 434 1846 genus
477 1805 638 1846 deinceps
675 1814 885 1837 commemo-

250 1854 379 1881 rantur.
428 1850 548 1891 ltaque
572 1850 775 1886 sententiam
807 1859 883 1882 ver-

252 1895 372 1926 borum
407 1899 500 1936 patet
532 1894 610 1927 nihil
646 1894 770 1927 habere
784 1894 883 1926 ‹diffi-

251 1941 400 1973 cultatis.
437 1940 508 1972 Sed
522 1940 715 1972 dubitamus
741 1949 884 1983 magno-

250 1995 334 2027 pere
353 1985 396 2017 de
412 1995 529 2018 eorum
548 1986 756 2027 integritate,
782 1995 883 2025 quam

250 2031 302 2063 vel
325 2035 466 2062 externa
485 2040 603 2062 eorum
628 2031 761 2072 species
786 2030 885 2062 valde

249 2079 445 2118 suspectam
486 2075 610 2107 reddit.
668 2075 759 2109 Quid
802 2074 884 2107 scri-

250 2125 343 2162 ptum
389 2120 493 2153 fuerit
533 2121 573 2152 ab
621 2121 697 2162 ipso
744 2125 886 2152 auctore

249 2166 375 2207 operis,
401 2165 536 2197 difficile
564 2164 654 2197 dictu
680 2169 744 2197 est.
793 2165 884 2197 Illud

249 2215 363 2243 tamen
390 2209 545 2242 videmur
570 2219 636 2241 non
659 2213 787 2243 temere
814 2214 882 2242 sta-

250 2260 366 2296 tuere,
393 2255 593 2287 sententiam
619 2254 691 2287 fere
721 2255 804 2287 hanc
827 2265 884 2286 re—

250 2300 356 2342 quiri:
396 2310 517 2341 quum
556 2301 790 2333 multorum
827 2300 881 2331 ci-

253 2346 408 2378 vitatis
474 2350 739 2387 temporum,
799 2349 882 2377 tum

251 2391 545 2432 aequalitatis
580 2400 733 2422 caussa
775 2399 883 2432 opus

252 2440 338 2476 est,
379 2440 424 2468 ut
458 2436 710 2476 inaequales
750 2435 788 2467 in
835 2444 883 2466 ea

251 2490 412 2514 census
459 2481 886 2518 constituantur3

251 2518 343 2566 quod
375 2526 510 2558 Graece
543 2524 722 2557 dicendum
763 2524 883 2557 suerit·

253 2569 304 2603 δεῖ
345 2568 387 2612 δὴ
430 2570 560 2603 :rollum
598 2569 709 2606 ἕιεκα,
751 2570 817 2601 ταῖν
854 2579 884 2600 τε

253 2613 334 2648 κατὰ
364 2613 462 2648 πόλιν
494 2616 618 2656 καιρῶν
652 2615 720 2670 tris„
743 2625 774 2646 τε
809 2612 882 2646 ἰσό-

250 2669 345 2699 imos
372 2661 484 2700 ἕνεκα,
511 2659 669 2702 τιμήματα
699 2658 800 2692 &aaa
827 2671 877 2701 γε·

562 744 600 780 Ω.
627 756 655 778 v.
683 749 712 781 h.
739 757 763 780 r.
789 758 818 780 a.
845 746 874 780 δ.
902 758 932 779 ο.
956 758 988 780 x.

953 857 1085 890 νὲσθαι.
1132 857 1180 890 lta
1204 858 1331 899 verbis,
1361 858 1491 889 πολλῶν
1516 858 1584 889 ἕνε-

955 915 1012 942 κα,
1058 903 1181 935 deinde
1229 914 1289 944 per
1336 904 1584 945 appositionem
1642 911 1644 915 ’

952 949 1130 981 adiicitur:
1180 949 1245 980 τῶν
1297 960 1329 980 τε
1370 947 1451 981 κατὰ
1488 946 1586 980 πόλιν

954 994 1079 1036 καιρῶν
1095 991 1253 1035 ι’σόῑητός
1278 1004 1316 1024 τε
1341 993 1446 1031 ἕνεκα,
1463 994 1584 1027 iterata

953 1042 1055 1071 etiam
1097 1040 1371 1080 praepositione,
1412 1040 1455 1071 de
1490 1040 1585 1071 cuius

953 1084 1160 1126 repetitione
1185 1085 1217 1116 iu
1243 1084 1367 1116 talibus
1392 1094 1457 1117 non
1482 1084 1584 1116 inusi-

955 1134 1026 1161 tata
1051 1129 1196 1161 diximus
1221 1129 1262 1162 ad
1286 1130 1432 1171 Apolog.
1447 1130 1582 1161 Socrat.

952 1185 986 1215 p.
1002 1174 1056 1208 35.
1073 1174 1112 1206 C.
1140 1174 1238 1207 Prot.
1258 1185 1289 1216 p.
1304 1174 1383 1208 356.
1402 1175 1441 1206 Ι).
1474 1174 1583 1206 Phae-

953 1220 1032 1252 don.
1063 1230 1095 1262 p.
1125 1219 1181 1253 81.
1218 1220 1256 1254 Β.
1290 1220 1366 1254 110.
1396 1220 1435 1253 Ε.
1484 1219 1583 1252 Και-

953 1266 1031 1306 ροί,
1055 1264 1197 1297 utLat.
1227 1269 1419 1307 tempora
1445 1265 1585 1307 reipu-

952 1310 1128 1350 blicae,
1166 1309 1398 1352 intelliguntur
1427 1320 1466 1342 ea
1498 1314 1584 1342 tem-

952 1365 1053 1396 pora,
1101 1355 1224 1395 quibus
1271 1355 1423 1387 incidunt
1460 1364 1584 1396 magna

952 1410 1065 1432 rerum
1090 1399 1299 1432 discrimina.

998 1444 1066 1476 ἵνα
1106 1440 1229 1487 ἀρχαί
1267 1456 1307 1476 τε
1340 1445 1409 1476 καὶ
1441 1444 1583 1485 ειέφο·

954 1490 1021 1531 <iaz
1068 1508 1109 1513 —
1149 1487 1211 1531 ptr}⁴
1250 1488 1582 1531 διαφέρωνται.]

953 1535 1052 1567 Haec
1076 1545 1213 1576 quoque
1239 1537 1355 1568 multis
1387 1537 1585 1576 magnisque

954 1585 1150 1622 premuntur
1166 1580 1428 1613 difficultatibus.
1452 1581 1582 1614 Quam-

953 1626 1067 1657 obrem
1102 1625 1346 1667 Stephanus
1379 1627 1455 1658 loco
1487 1626 1584 1657 labo-

953 1671 1041 1701 ranti
1082 1672 1277 1702 coniectura
1319 1671 1583 1703 succurrendum
1622 1685 1636 1691 -

954 1724 1032 1746 esse
1057 1714 1228 1746 iudicavit.
1277 1715 1403 1747 Censet
1429 1716 1515 1747 enim
1536 1715 1584 1746 vir

954 1761 1269 1800 perspicacissimus
1307 1765 1386 1793 ante
1426 1758 1485 1801 τὴν
1526 1760 1583 1801 τῆς

955 1801 1051 1844 ἀξίας
1084 1805 1252 1837 excidisse
1285 1804 1366 1836 κατὰ
1407 1806 1581 1847 praeposi-

952 1851 1102 1891 tionem,
1141 1854 1176 1882 et
1216 1856 1293 1891 post
1330 1851 1445 1882 nenias
1482 1851 1583 1882 inseri

951 1895 1079 1927 debere
1105 1896 1285 1937 γίγνωνται
1311 1897 1362 1928 vel
1393 1895 1581 1927 καθιστῶν-

951 1951 1019 1977 ται,
1056 1941 1101 1971 ita
1138 1940 1294 1982 quidem,
1344 1945 1380 1973 ut
1421 1941 1584 1981 deinceps

953 1986 1056 2022 etiam
1095 1984 1153 2017 τὰς
1177 1984 1270 2025 τιμὰς
1300 1984 1343 2018 δὲ
1368 1996 1428 2027 pro
1457 1983 1516 2018 uis
1539 1997 1581 2017 τι-

950 2028 1014 2069 μάς
1040 2040 1079 2060 τε
1104 2031 1284 2063 scribatur.
1320 2032 1453 2064 Quibus
1468 2035 1582 2063 tamen

951 2075 1217 2116 mutationibus,
1263 2081 1297 2108 et:
1339 2076 1582 2107 numerosiori-

952 2121 1016 2152 bus
1046 2121 1137 2153 iusto
1163 2124 1197 2153 et
1228 2121 1486 2161 audacioribus,
1518 2130 1583 2153 non

951 2165 1090 2197 omnino
1116 2172 1203 2207 opus
1219 2176 1296 2198 esse
1314 2166 1459 2198 videtur.
1496 2165 1580 2198 Nam

951 2219 1018 2242 uno
1058 2211 1115 2243 illo
1156 2208 1241 2242 κατὰ
1271 2215 1350 2244 ante
1391 2209 1450 2252 τὴν
1488 2207 1583 2250 ἀξίας

951 2257 1079 2287 inserto
1111 2257 1237 2296 reliqua
1271 2256 1383 2288 omnia
1409 2261 1582 2297 utcunque

951 2310 1012 2343 per
1043 2300 1267 2333 anacoluthon
1302 2305 1444 2342 possunt
1477 2301 1582 2342 expli-

952 2344 1031 2376 cari.
1078 2345 1214 2386 Quippe
1246 2350 1326 2386 post
1358 2346 1583 2378 nominativos

951 2386 1053 2430 ἀρχαί
1081 2402 1111 2421 τε
1145 2390 1198 2421 καὶ
1231 2389 1388 2432 εἰςφοραὶ
1422 2391 1475 2422 καὶ
1512 2389 1580 2422 δια-

951 2433 1050 2474 νομαὶ
1090 2445 1194 2476 quum
1235 2436 1371 2468 verbum
1411 2436 1581 2477 passivum

952 2480 1085 2520 aliquod
1141 2485 1198 2512 aut
1253 2485 1427 2521 nentrum,
1483 2480 1582 2522 quine

953 2523 1197 2566 Stephanus
1253 2525 1422 2558 excidisse
1473 2529 1581 2567 putat,

953 2569 1110 2611 subiungi
1143 2571 1304 2609 deberet,
1330 2569 1407 2603 inde
1429 2579 1447 2602 a
1474 2570 1582 2602 verbis

955 2611 1034 2646 ἀλλὰ
1064 2616 1145 2647 κατὰ
1172 2614 1324 2647 πλούτου
1348 2615 1482 2656 χρῆσιν,
1507 2616 1580 2655 qui·
1633 2639 1634 2642 η

955 2660 1020 2691 bus
1046 2662 1188 2694 iteratur
1217 2666 1450 2702 antegressum
1481 2659 1580 2692 illud:
