1644 2886
268 69 347 120 ·29'2
755 79 1131 122 PLATONIS

367 196 467 236 ΚΛ.
543 196 629 236 Τοῦ
667 201 761 248 πέρι
794 197 949 248 λέγειςς

370 260 467 302 ΑΘ.
535 261 637 309 Πᾶς
674 276 758 302 που
790 266 896 312 νέος,
918 260 977 315 μὴ
1013 260 1083 305 ὅτι
1120 261 1374 342 πρεσβύτης,
1401 263 1505 308 ιδων
1537 264 1595 309 ἂν

271 324 296 377 ἢ
334 328 405 367 καὶ
440 324 639 375 ἀκούσας
674 326 824 369 ὁτιοῦν
855 329 942 369 τῶν
975 326 1165 371 ἐκτόπων
1199 331 1270 371 καὶ
1306 331 1480 391 μηδαμῃ
1508 349 1597 382 πως

269 390 499 442 ξυνήθων,
538 391 617 434 οὐκ
653 391 711 435 ἄν
747 396 854 436 ποτέ
892 410 979 436 που
1027 392 1077 437 τὸ
1115 394 1354 450 ἀπορηθὲν
1388 413 1483 451 περι
1517 397 1596 440 αύ-

271 458 356 497 τῶν
400 459 707 512 συῑχωρήσειεν
757 458 1005 515 ὲπιδραμων
1049 458 1186 511 οὕτως
1219 461 1377 512 εὐθύς,
1411 462 1516 513 στὰς
1551 463 1590 506 δ’

271 520 352 570 ἄν,
388 523 597 576 καθαπερ
642 530 686 565 ὲν
732 524 889 580 τριόδῳ
937 526 1167 582 γενόμενος
1208 530 1277 569 καὶ
1328 526 1387 582 μὴ
1422 527 1595 586 σφόδρα

271 587 474 638 κατειδιὺς
509 588 626 640 ὁδόν,
656 590 738 633 εἴτε
773 592 910 646 μόνος
946 592 1027 635 εἴτε
1059 592 1154 648 μετ1
1194 591 1339 636 ἄλλων
1374 592 1493 650 τύχοι
1517 613 1596 638 πο-

273 654 529 709 ρευόμενος,
577 655 765 710 ἀνέροιτ’
815 654 871 700 ἂν
909 656 1048 702 αὑτὸν
1092 662 1163 701 καὶ
1214 658 1316 710 τούς
1350 657 1509 711 ἄλλους
1545 661 1593 705 τὸ

271 721 590 775 ἀπορούμενον,
612 726 684 765 καὶ
716 723 794 766 οὐκ
831 721 888 765 ἂν
924 724 1137 780 πρότερον
1169 723 1378 781 ὁρμήσειε,
1399 731 1501 780 πρίν
1537 745 1593 787 πῃ

271 788 559 842 βεβαιώσαιτο
597 788 677 840 τὴν
713 795 866 848 σκέψιν
901 791 978 842 τῆς
1012 795 1201 846 πορείας,
1222 790 1306 852 ὅπῃ
1331 795 1434 834 ποτὲ
1461 798 1593 851 φέρει.

272 856 344 895 καὶ
389 852 439 905 δὴ
485 857 556 896 καὶ
593 855 640 897 τὸ
677 853 821 910 παρὸν
857 854 959 910 ἡμῖν
994 855 1193 906 ὡςαύτως
1228 864 1450 910 ποιητέον·
1487 859 1593 902 ἀτό-

271 935 356 962 που
403 919 487 976 γὰρ
534 919 587 961 τα
632 922 712 963 νῦν
755 921 1083 976 ἐμπεπτωκότος
1125 923 1256 976 λόγου
1311 926 1405 978 περὶ
1449 923 1592 980 νόμων

270 984 441 1036 ἀνάγκη
485 1002 569 1029 που
615 993 769 1046 σκέψιν
813 989 961 1029 πᾶσαν
1008 987 1288 1040 ποιήσασθαι
1322 993 1394 1032 καὶ
1426 989 1485 1045 μὴ
1513 989 1592 1048 ῥᾳ-

271 1053 369 1101 δίως
404 1050 515 1094 οὕτω
563 1055 658 1106 περὶ
702 1052 920 1096 τοσούτων
958 1054 1236 1106 τηλικούτους
1273 1053 1404 1105 ὄντας
1437 1055 1590 1113 φάναι,

271 1119 656 1173 διισχυριζομένους
702 1123 747 1161 ὲν
792 1121 850 1174 τῷ
887 1119 1152 1177 παραχρῆμά
1198 1138 1239 1164 τι
1274 1124 1410 1180 σαφὲς
1444 1120 1502 1164 ἂν
1537 1128 1590 1165 εὶ·

271 1192 364 1226 πεῖν
399 1187 519 1238 ἔχειν.

374 1251 469 1293 ΚΛ.
536 1250 839 1302 Ἀληθέστατα
875 1253 1019 1306 λέγεις.

360 1378 514 1420 μηδαμῇ
550 1391 605 1411 πο)
617 1389 632 1411 ,ς
667 1379 810 1422 §vimi-9¹
822 1380 895 1422 ων]
927 1381 1106 1413 Bekkerus
1143 1383 1355 1415 assentiente
1390 1384 1590 1415 Hermanno

273 1426 313 1455 de
340 1434 402 1456 suo
427 1426 523 1457 dedit
548 1437 610 1457 πω.
658 1426 728 1459 Sed
754 1437 834 1459 vera
857 1427 995 1458 videtur
1019 1429 1190 1468 scriptura
1213 1429 1388 1460 librorum.

361 1466 545 1511 ἀνέροιτ’
573 1469 617 1503 ἂι
642 1469 791 1514 αὑτὸν]
818 1472 860 1503 V.
883 1468 998 1504 αὐτόν.
1044 1472 1206 1504 Correxit
1231 1475 1363 1506 Astius.

272 1580 378 1611 mins
416 1582 458 1612 ad
499 1581 646 1621 Epistol.
690 1581 824 1614 socrat.
863 1593 896 1623 p.

271 1624 348 1658 319.
374 1627 426 1657 ed.
453 1625 557 1658 Orell.
582 1628 678 1657 cuius
711 1627 794 1659 haec
819 1632 898 1659 sunt

270 1670 391 1702 verba:
434 1671 514 1702 Non
551 1672 658 1713 igitur
703 1673 897 1712 dicendum,

269 1717 391 1756 inquit,
407 1714 541 1757 πάσχειν
558 1719 707 1758 positum
734 1729 809 1750 esse
832 1728 897 1760 pro

271 1764 397 1798 ποιεῖν,
422 1763 482 1793 sed
509 1762 660 1795 Graecos
685 1769 810 1795 statum
836 1774 898 1795 seu

269 1807 429 1838 affectum
459 1811 622 1849 tanquam
649 1810 772 1849 agendi
800 1819 897 1841 caus-

269 1862 341 1883 sam
355 1862 484 1893 ponere
499 1855 660 1886 maluisse
672 1865 772 1895 quam
785 1855 897 1895 ipsum

269 1898 395 1938 agendi
424 1899 578 1932 verbum.
624 1899 745 1955 Neque
780 1903 812 1931 τί
833 1898 896 1940 γὰρ

269 1940 373 1974 πάθω
401 1944 493 1975 idem
530 1949 582 1976 est
617 1955 656 1977 ao
688 1947 725 1975 τί
754 1943 897 1986 ποιήσω,

269 1989 330 2020 sed
344 1993 396 2020 est
418 1990 629 2030 deplorantis
648 1995 771 2022 statum
787 2001 898 2031 suum,

270 2034 327 2075 qui
366 2035 527 2076 impedit,
565 2037 746 2077 quominus
782 2037 895 2068 facere

268 2079 379 2120 possit
425 2090 512 2121 quae
558 2082 671 2112 vult.'⁷,
728 2081 897 2122 Exempla,

269 2125 370 2156 huius
406 2126 570 2167 loquendi
608 2128 755 2158 rationis
794 2128 895 2158 colie-

269 2173 394 2210 gerunt
429 2171 537 2212 intpp.
585 2173 629 2203 ad
667 2173 893 2213 Aristoph.

267 2214 382 2246 Nubb.
411 2226 443 2247 v.
475 2215 553 2250 234.
579 2217 670 2248 Avv.
695 2216 794 2252 1419.
820 2216 894 2249 Ga-

269 2261 401 2292 taker.
425 2261 470 2292 ad
490 2262 619 2294 Anton.
633 2262 738 2295 XIII.
765 2274 797 2304 p.
816 2263 893 2296 131.

268 2306 528 2338 Valckenar.
554 2308 598 2339 ad
622 2308 744 2350 Eurip.
762 2309 894 2340 Phoen.

268 2362 300 2382 v.
334 2351 410 2385 902.
456 2352 681 2385 Heindorf.
722 2355 766 2387 ad
808 2354 894 2385 plat.

266 2396 419 2437 Euthyd.
434 2397 554 2437 p.302.
570 2398 615 2430 D.
639 2398 891 2432 Blomfield.

267 2442 312 2474 ad
338 2442 500 2483 Aeschyl.
525 2444 619 2476 Pers.
635 2456 665 2476 v.
690 2445 767 2479 909.
794 2445 893 2476 Her-

266 2497 400 2519 mann.
431 2488 476 2519 ad
497 2488 643 2522 Lucian.
682 2490 735 2522 De
760 2490 892 2522 Hister.

266 2531 409 2565 Conscr.
446 2543 480 2574 p.
516 2534 572 2568 35.
620 2536 808 2568 Kochius
849 2536 893 2567 ad

264 2577 407 2611 Lucian.
439 2578 547 2611 Diali.
574 2580 678 2614 Mort.
704 2580 827 2614 Select.
859 2591 892 2621 p.

265 2622 316 2656 77.
345 2622 549 2656 Germanice
567 2625 622 2657 hie
638 2627 782 2658 dixeris:
809 2627 892 2657 sol—

962 1584 1031 1614 len
1062 1584 1138 1614 wir
1169 1593 1249 1614 nun
1280 1583 1383 1615 iiber
1423 1595 1500 1616 uns
1530 1593 1589 1615 er-

962 1629 1095 1669 gehen
1121 1629 1270 1660 lassen
1296 1639 1382 1660 was
1411 1630 1501 1660 sich
1519 1628 1590 1660 ffir

962 1684 1037 1705 uns
1063 1674 1266 1714 geziemt‘?
1295 1673 1377 1706 soll
1408 1676 1487 1705 mit
1511 1684 1590 1705 uns

963 1719 1136 1751 werden
1177 1724 1239 1750 etc.
1280 1720 1312 1750 h.
1346 1729 1373 1750 e.
1413 1730 1494 1751 num
1524 1729 1588 1759 pro

963 1769 1054 1796 statu
1095 1765 1182 1800 isto,
1222 1765 1258 1795 in
1296 1775 1363 1805 quo
1399 1774 1588 1803 versamur,

963 1820 1121 1852 agamuS‚
1161 1810 1255 1850 quod
1293 1810 1589 1851 nobismetipsis

964 1855 1173 1887 conveniat?

1010 1899 1100 1931 Πᾶς
1146 1910 1229 1932 που
1277 1899 1387 1939 νέος,
1426 1899 1476 1942 μὴ
1526 1899 1588 1934 ὅτι

965 1943 1281 2000 πρεσβύτης,
1292 1945 1304 1988 ]
1342 1947 1487 1979 Notabis
1519 1958 1588 1979 που

963 1992 1087 2023 deinde
1119 1996 1198 2032 post
1227 2002 1292 2022 ουκ
1316 1989 1357 2023 ἅν
1382 2003 1461 2023 ποτε
1484 1994 1587 2025 itera-

961 2040 1042 2068 tum.
1080 2036 1150 2068 Pro
1175 2037 1306 2078 μηδαμῇ
1335 2046 1405 2068 πως
1426 2033 1585 2070 Bekke·

962 2092 1036 2114 rus
1075 2084 1225 2114 correxit
1263 2081 1337 2123 μηδ.
1383 2093 1456 2121 πω,
1495 2085 1587 2125 quod

962 2129 1083 2168 nuperi
1131 2127 1281 2159 editores
1326 2138 1395 2159 uno
1442 2134 1586 2170 excepto

963 2172 1235 2209 Schneidero
1260 2174 1412 2215 recipere
1435 2184 1505 2206 non
1522 2176 1587 2206 du—

962 2219 1125 2253 bitarunt.

1008 2264 1052 2294 D.
1102 2260 1179 2295 οὐκ
1200 2260 1250 2295 ἂν
1278 2262 1495 2305 πρότερον
1520 2262 1584 2306 ὁρ-

962 2306 1115 2349 μήσειε
1143 2309 1207 2352 --]
1239 2318 1315 2340 neo
1344 2311 1467 2351 prius
1493 2321 1582 2351 pro-

963 2354 1209 2394 grediatur,
1236 2364 1357 2395 quam
1382 2356 1583 2396 explora-

962 2405 1043 2431 tum
1066 2400 1220 2441 aliquo
1253 2401 1375 2432 modo
1408 2401 1584 2441 habeat,

962 2455 1044 2485 quo
1074 2444 1241 2477 tandem
1263 2446 1347 2478 iter
1376 2447 1517 2478 ducat.

1005 2490 1045 2521 Ε.
1109 2485 1279 2522 Ουκοῦν
1331 2489 1463 2534 τούτῳ
1509 2490 1583 2530 μὲν

959 2532 1118 2576 χρόνον
1184 2533 1395 2588 δαίσομεν]
1459 2533 1584 2577 χρόνον

960 2578 1083 2611 δουιαί
1111 2592 1171 2612 uu
1203 2580 1370 2624 πράγματι
1404 2585 1455 2614 est
1487 2585 1582 2614 tem-

960 2636 1034 2665 pus
1070 2626 1120 2658 ad
1159 2627 1331 2668 aliquid
1379 2627 1579 2659 conside-
