<?xml version="1.0" encoding="UTF-8"?>
<!DOCTYPE html PUBLIC "-//W3C//DTD XHTML 1.0 Transitional//EN"
    "http://www.w3.org/TR/xhtml1/DTD/xhtml1-transitional.dtd">
<html xmlns="http://www.w3.org/1999/xhtml" xml:lang="en" lang="en">
 <head>
  <title>
</title>
<meta http-equiv="Content-Type" content="text/html;charset=utf-8" />
  <meta name='ocr-system' content='tesseract 3.04.00' />
  <meta name='ocr-capabilities' content='ocr_page ocr_carea ocr_par ocr_line ocrx_word'/>
</head>
<body>
  <div class='ocr_page' id='page_1' title='image "./s2operaomniarece10platuoft_0194.png"; bbox 0 0 1644 2886; ppageno 0'>
   <div class='ocr_carea' id='block_1_1' title="bbox 260 77 1131 122">
    <p class='ocr_par' dir='ltr' id='par_1_1' title="bbox 260 77 1131 122">
     <span class='ocr_line' id='line_1_1' title="bbox 260 77 1131 122; baseline 0.005 -4"><span class='ocrx_word' id='word_1_1' title='bbox 260 78 315 118; x_wconf 84' lang='lat'><strong>80</strong></span> <span class='ocrx_word' id='word_1_2' title='bbox 755 77 1131 122; x_wconf 76' lang='lat' dir='ltr'><strong>PLATONIS</strong></span> 
     </span>
    </p>
   </div>
   <div class='ocr_carea' id='block_1_2' title="bbox 197 188 1597 317">
    <p class='ocr_par' dir='ltr' id='par_1_2' title="bbox 197 188 1597 317">
     <span class='ocr_line' id='line_1_2' title="bbox 263 188 1597 254; baseline 0.003 -21"><span class='ocrx_word' id='word_1_3' title='bbox 263 193 384 244; x_wconf 80' lang='grc' dir='ltr'><strong><em>λαξιν</em></strong></span> <span class='ocrx_word' id='word_1_4' title='bbox 420 188 650 245; x_wconf 79' lang='grc' dir='ltr'><strong><em>ἄρχουσιν,</em></strong></span> <span class='ocrx_word' id='word_1_5' title='bbox 688 189 753 239; x_wconf 86' lang='grc' dir='ltr'><strong>οἷς</strong></span> <span class='ocrx_word' id='word_1_6' title='bbox 789 189 846 233; x_wconf 75' lang='grc' dir='ltr'><strong>ἂν</strong></span> <span class='ocrx_word' id='word_1_7' title='bbox 884 192 907 234; x_wconf 85' lang='grc' dir='ltr'>ὁ</span> <span class='ocrx_word' id='word_1_8' title='bbox 945 191 1081 247; x_wconf 84' lang='grc' dir='ltr'><strong><em>νόμος</em></strong></span> <span class='ocrx_word' id='word_1_9' title='bbox 1117 193 1355 254; x_wconf 76' lang='grc' dir='ltr'><strong><em>προςτοὶξῃ,</em></strong></span> <span class='ocrx_word' id='word_1_10' title='bbox 1388 194 1506 245; x_wconf 80' lang='grc' dir='ltr'><em>ὅπως</em></span> <span class='ocrx_word' id='word_1_11' title='bbox 1539 193 1597 238; x_wconf 79' lang='grc' dir='ltr'><strong>ἂν</strong></span> 
     </span>
     <span class='ocr_line' id='line_1_3' title="bbox 197 255 1597 317; baseline 0.001 -15"><span class='ocrx_word' id='word_1_12' title='bbox 197 262 231 302; x_wconf 80' lang='lat' dir='ltr'>B</span> <span class='ocrx_word' id='word_1_13' title='bbox 262 261 309 300; x_wconf 83' lang='grc' dir='ltr'><strong>αἱ</strong></span> <span class='ocrx_word' id='word_1_14' title='bbox 345 260 461 299; x_wconf 82' lang='grc' dir='ltr'><em>δίκαι</em></span> <span class='ocrx_word' id='word_1_15' title='bbox 495 257 590 308; x_wconf 79' lang='grc' dir='ltr'><strong><em>περὶ</em></strong></span> <span class='ocrx_word' id='word_1_16' title='bbox 628 255 830 307; x_wconf 78' lang='grc' dir='ltr'><strong><em>πάντων,</em></strong></span> <span class='ocrx_word' id='word_1_17' title='bbox 866 255 964 300; x_wconf 78' lang='grc' dir='ltr'><strong>ὅσαι</strong></span> <span class='ocrx_word' id='word_1_18' title='bbox 1004 263 1062 308; x_wconf 84' lang='grc' dir='ltr'><strong>εὶς</strong></span> <span class='ocrx_word' id='word_1_19' title='bbox 1092 259 1320 315; x_wconf 79' lang='grc' dir='ltr'><strong><em>χρήματα,</em></strong></span> <span class='ocrx_word' id='word_1_20' title='bbox 1366 259 1517 317; x_wconf 72' lang='grc' dir='ltr'><strong>ῥᾴδιαί</strong></span> <span class='ocrx_word' id='word_1_21' title='bbox 1553 278 1597 303; x_wconf 85' lang='grc' dir='ltr'><strong>τε</strong></span> 
     </span>
    </p>
   </div>
   <div class='ocr_carea' id='block_1_3' title="bbox 262 317 855 380">
    <p class='ocr_par' dir='ltr' id='par_1_3' title="bbox 262 317 855 380">
     <span class='ocr_line' id='line_1_4' title="bbox 262 317 855 380; baseline 0 -15"><span class='ocrx_word' id='word_1_22' title='bbox 262 317 337 365; x_wconf 81' lang='grc' dir='ltr'><strong>ὦσι</strong></span> <span class='ocrx_word' id='word_1_23' title='bbox 373 325 442 364; x_wconf 72' lang='grc' dir='ltr'><strong>καὶ</strong></span> <span class='ocrx_word' id='word_1_24' title='bbox 480 320 653 377; x_wconf 70' lang='grc' dir='ltr'><strong><em>σφόδρα</em></strong></span> <span class='ocrx_word' id='word_1_25' title='bbox 690 330 855 380; x_wconf 72' lang='grc' dir='ltr'><strong><em>σαᾳεῖς.</em></strong></span> 
     </span>
    </p>
   </div>
   <div class='ocr_carea' id='block_1_4' title="bbox 367 427 648 490">
    <p class='ocr_par' dir='ltr' id='par_1_4' title="bbox 367 427 648 490">
     <span class='ocr_line' id='line_1_5' title="bbox 367 427 648 490; baseline 0 -18"><span class='ocrx_word' id='word_1_26' title='bbox 367 427 648 490; x_wconf 70' lang='lat' dir='ltr'><strong>Ca1›.XlV.</strong></span> 
     </span>
    </p>
   </div>
   <div class='ocr_carea' id='block_1_5' title="bbox 724 430 1598 509">
    <p class='ocr_par' dir='ltr' id='par_1_5' title="bbox 724 430 1598 509">
     <span class='ocr_line' id='line_1_6' title="bbox 724 430 1598 509; baseline 0.005 -36"><span class='ocrx_word' id='word_1_27' title='bbox 724 430 783 474; x_wconf 84' lang='grc' dir='ltr'><strong>Τὸ</strong></span> <span class='ocrx_word' id='word_1_28' title='bbox 821 430 873 484; x_wconf 81' lang='grc' dir='ltr'><strong>δὴ</strong></span> <span class='ocrx_word' id='word_1_29' title='bbox 909 432 1017 509; x_wconf 79' lang='grc' dir='ltr'><strong><em>μετὰ</em></strong></span> <span class='ocrx_word' id='word_1_30' title='bbox 1057 435 1189 478; x_wconf 82' lang='grc' dir='ltr'><strong><em>τοῦτο</em></strong></span> <span class='ocrx_word' id='word_1_31' title='bbox 1212 437 1386 490; x_wconf 82' lang='grc' dir='ltr'><strong><em>πρῶτον</em></strong></span> <span class='ocrx_word' id='word_1_32' title='bbox 1406 438 1485 491; x_wconf 82' lang='grc' dir='ltr'><strong>μὲν</strong></span> <span class='ocrx_word' id='word_1_33' title='bbox 1517 452 1598 487; x_wconf 86' lang='grc' dir='ltr'><strong>την</strong></span> 
     </span>
    </p>
   </div>
   <div class='ocr_carea' id='block_1_6' title="bbox 261 497 1599 684">
    <p class='ocr_par' dir='ltr' id='par_1_6' title="bbox 261 497 1599 684">
     <span class='ocr_line' id='line_1_7' title="bbox 264 497 1598 578; baseline 0.003 -39"><span class='ocrx_word' id='word_1_34' title='bbox 264 497 393 539; x_wconf 83' lang='grc' dir='ltr'><strong><em>πόλιν</em></strong></span> <span class='ocrx_word' id='word_1_35' title='bbox 428 498 641 550; x_wconf 77' lang='grc' dir='ltr'><strong><em>ἱδρῦσθαι</em></strong></span> <span class='ocrx_word' id='word_1_36' title='bbox 681 500 742 541; x_wconf 83' lang='grc' dir='ltr'><strong>δεῖ</strong></span> <span class='ocrx_word' id='word_1_37' title='bbox 767 499 843 549; x_wconf 81' lang='grc' dir='ltr'><strong>τῆς</strong></span> <span class='ocrx_word' id='word_1_38' title='bbox 863 515 1010 555; x_wconf 81' lang='grc' dir='ltr'><strong><em>χωρας</em></strong></span> <span class='ocrx_word' id='word_1_39' title='bbox 1043 497 1066 542; x_wconf 86' lang='grc' dir='ltr'><em>ὅ</em></span> <span class='ocrx_word' id='word_1_40' title='bbox 1104 517 1145 542; x_wconf 88' lang='grc' dir='ltr'><strong>τι</strong></span> <span class='ocrx_word' id='word_1_41' title='bbox 1178 501 1368 556; x_wconf 80' lang='grc' dir='ltr'><strong><em>μάλιστα</em></strong></span> <span class='ocrx_word' id='word_1_42' title='bbox 1403 506 1447 543; x_wconf 83' lang='grc' dir='ltr'><strong>ὲν</strong></span> <span class='ocrx_word' id='word_1_43' title='bbox 1471 505 1598 578; x_wconf 78' lang='grc' dir='ltr'><strong><em>μέσῳ.</em></strong></span> 
     </span>
     <span class='ocr_line' id='line_1_8' title="bbox 264 555 1598 622; baseline 0.002 -16"><span class='ocrx_word' id='word_1_44' title='bbox 264 567 336 606; x_wconf 86' lang='grc' dir='ltr'><strong>καὶ</strong></span> <span class='ocrx_word' id='word_1_45' title='bbox 392 555 531 604; x_wconf 82' lang='grc' dir='ltr'><strong><em>τᾶλλα</em></strong></span> <span class='ocrx_word' id='word_1_46' title='bbox 585 561 667 605; x_wconf 86' lang='grc' dir='ltr'><strong>ὅσα</strong></span> <span class='ocrx_word' id='word_1_47' title='bbox 725 564 956 622; x_wconf 73' lang='grc' dir='ltr'><strong><em>πρόςφορα</em></strong></span> <span class='ocrx_word' id='word_1_48' title='bbox 1012 565 1135 608; x_wconf 82' lang='grc' dir='ltr'><strong><em>πόλει</em></strong></span> <span class='ocrx_word' id='word_1_49' title='bbox 1179 583 1266 608; x_wconf 84' lang='grc' dir='ltr'><strong>των</strong></span> <span class='ocrx_word' id='word_1_50' title='bbox 1310 566 1598 622; x_wconf 79' lang='grc' dir='ltr'><em>ὑπαρχόντων</em></span> 
     </span>
     <span class='ocr_line' id='line_1_9' title="bbox 261 626 1599 684; baseline 0.002 -13"><span class='ocrx_word' id='word_1_51' title='bbox 261 634 418 684; x_wconf 73' lang='grc' dir='ltr'><strong><em>ἔχοντα</em></strong></span> <span class='ocrx_word' id='word_1_52' title='bbox 468 626 608 671; x_wconf 85' lang='grc' dir='ltr'><strong><em>τόπον</em></strong></span> <span class='ocrx_word' id='word_1_53' title='bbox 653 630 954 683; x_wconf 75' lang='grc' dir='ltr'><strong><em>ἐκλεξάμενον,</em></strong></span> <span class='ocrx_word' id='word_1_54' title='bbox 1001 628 1030 672; x_wconf 81' lang='grc' dir='ltr'><strong><em>ἃ</em></strong></span> <span class='ocrx_word' id='word_1_55' title='bbox 1077 634 1234 684; x_wconf 80' lang='grc' dir='ltr'><strong><em>νοῆσαί</em></strong></span> <span class='ocrx_word' id='word_1_56' title='bbox 1277 649 1321 675; x_wconf 84' lang='grc' dir='ltr'><strong>τε</strong></span> <span class='ocrx_word' id='word_1_57' title='bbox 1357 649 1430 674; x_wconf 85' lang='grc' dir='ltr'><strong>και</strong></span> <span class='ocrx_word' id='word_1_58' title='bbox 1465 635 1599 675; x_wconf 75' lang='grc' dir='ltr'><strong><em>εἰπεῖν</em></strong></span> 
     </span>
    </p>
   </div>
   <div class='ocr_carea' id='block_1_7' title="bbox 265 693 651 749">
    <p class='ocr_par' dir='ltr' id='par_1_7' title="bbox 265 693 651 749">
     <span class='ocr_line' id='line_1_10' title="bbox 265 693 651 749; baseline -0.005 -11"><span class='ocrx_word' id='word_1_59' title='bbox 265 693 394 738; x_wconf 81' lang='grc' dir='ltr'><strong><em>οὐδὲν</em></strong></span> <span class='ocrx_word' id='word_1_60' title='bbox 434 694 651 749; x_wconf 64' lang='grc' dir='ltr'><strong><em>χαλεπόν</em></strong></span> 
     </span>
    </p>
   </div>
   <div class='ocr_carea' id='block_1_8' title="bbox 697 694 1597 753">
    <p class='ocr_par' dir='ltr' id='par_1_8' title="bbox 697 694 1597 753">
     <span class='ocr_line' id='line_1_11' title="bbox 697 694 1597 753; baseline 0.002 -15"><span class='ocrx_word' id='word_1_61' title='bbox 697 694 806 750; x_wconf 76' lang='grc' dir='ltr'><strong><em>μετὰ</em></strong></span> <span class='ocrx_word' id='word_1_62' title='bbox 852 698 896 738; x_wconf 79' lang='grc' dir='ltr'><strong>δὲ</strong></span> <span class='ocrx_word' id='word_1_63' title='bbox 944 698 1085 739; x_wconf 84' lang='grc' dir='ltr'><strong><em>ταῦτα</em></strong></span> <span class='ocrx_word' id='word_1_64' title='bbox 1129 703 1236 753; x_wconf 74' lang='grc' dir='ltr'><strong><em>μέρη</em></strong></span> <span class='ocrx_word' id='word_1_65' title='bbox 1273 696 1433 740; x_wconf 62' lang='lat' dir='ltr'><strong>&amp;misna</strong></span> <span class='ocrx_word' id='word_1_66' title='bbox 1471 701 1597 740; x_wconf 79' lang='grc' dir='ltr'><strong>διελέ-</strong></span> 
     </span>
    </p>
   </div>
   <div class='ocr_carea' id='block_1_9' title="bbox 211 759 1598 951">
    <p class='ocr_par' dir='ltr' id='par_1_9' title="bbox 211 759 1598 951">
     <span class='ocr_line' id='line_1_12' title="bbox 263 759 1596 836; baseline 0.002 -32"><span class='ocrx_word' id='word_1_67' title='bbox 263 762 403 810; x_wconf 73' lang='grc' dir='ltr'><strong><em>σθαι,</em></strong></span> <span class='ocrx_word' id='word_1_68' title='bbox 452 762 642 836; x_wconf 80' lang='grc' dir='ltr'><strong><em>θέμενον</em></strong></span> <span class='ocrx_word' id='word_1_69' title='bbox 681 759 851 810; x_wconf 78' lang='grc' dir='ltr'><strong>Ε’στιας</strong></span> <span class='ocrx_word' id='word_1_70' title='bbox 898 763 1072 817; x_wconf 79' lang='grc' dir='ltr'><strong><em>πρῶτον</em></strong></span> <span class='ocrx_word' id='word_1_71' title='bbox 1115 766 1188 806; x_wconf 81' lang='grc' dir='ltr'><strong>καὶ</strong></span> <span class='ocrx_word' id='word_1_72' title='bbox 1219 762 1320 814; x_wconf 76' lang='grc' dir='ltr'><strong>Διὸς</strong></span> <span class='ocrx_word' id='word_1_73' title='bbox 1355 781 1426 806; x_wconf 87' lang='grc' dir='ltr'><strong>και</strong></span> <span class='ocrx_word' id='word_1_74' title='bbox 1460 761 1596 816; x_wconf 76' lang='grc' dir='ltr'><em>Ἀθη-</em></span> 
     </span>
     <span class='ocr_line' id='line_1_13' title="bbox 265 823 1598 885; baseline 0.002 -16"><span class='ocrx_word' id='word_1_75' title='bbox 265 828 346 875; x_wconf 82' lang='grc' dir='ltr'><strong>νᾶς</strong></span> <span class='ocrx_word' id='word_1_76' title='bbox 379 823 517 880; x_wconf 83' lang='grc' dir='ltr'><strong><em>ἱερόν,</em></strong></span> <span class='ocrx_word' id='word_1_77' title='bbox 558 823 801 881; x_wconf 78' lang='grc' dir='ltr'><strong><em>ἀκρόπολιν</em></strong></span> <span class='ocrx_word' id='word_1_78' title='bbox 848 826 1151 883; x_wconf 81' lang='grc' dir='ltr'><strong><em>ὀνομάζοντα,</em></strong></span> <span class='ocrx_word' id='word_1_79' title='bbox 1198 828 1358 873; x_wconf 77' lang='grc' dir='ltr'><strong><em>κύκλον</em></strong></span> <span class='ocrx_word' id='word_1_80' title='bbox 1393 828 1598 885; x_wconf 78' lang='grc' dir='ltr'><strong>περιβάλ-</strong></span> 
     </span>
     <span class='ocr_line' id='line_1_14' title="bbox 211 886 1597 951; baseline 0.002 -16"><span class='ocrx_word' id='word_1_81' title='bbox 211 901 227 917; x_wconf 49' lang='grc' dir='ltr'>Ἶ</span> <span class='ocrx_word' id='word_1_82' title='bbox 265 894 424 942; x_wconf 56' lang='lat' dir='ltr'><strong>touta,</strong></span> <span class='ocrx_word' id='word_1_83' title='bbox 459 890 543 950; x_wconf 79' lang='grc' dir='ltr'><strong>ἀφ’</strong></span> <span class='ocrx_word' id='word_1_84' title='bbox 589 886 641 935; x_wconf 85' lang='grc' dir='ltr'><strong>οὗ</strong></span> <span class='ocrx_word' id='word_1_85' title='bbox 679 892 733 935; x_wconf 80' lang='grc' dir='ltr'><strong>τὰ</strong></span> <span class='ocrx_word' id='word_1_86' title='bbox 769 890 933 936; x_wconf 78' lang='grc' dir='ltr'><strong><em>δώδεκα</em></strong></span> <span class='ocrx_word' id='word_1_87' title='bbox 967 899 1075 951; x_wconf 76' lang='grc' dir='ltr'><strong><em>μέρη</em></strong></span> <span class='ocrx_word' id='word_1_88' title='bbox 1114 900 1280 950; x_wconf 78' lang='grc' dir='ltr'><strong><em>τέμνειν</em></strong></span> <span class='ocrx_word' id='word_1_89' title='bbox 1314 911 1396 947; x_wconf 80' lang='grc' dir='ltr'><strong>την</strong></span> <span class='ocrx_word' id='word_1_90' title='bbox 1431 910 1474 938; x_wconf 84' lang='grc' dir='ltr'><strong>τε</strong></span> <span class='ocrx_word' id='word_1_91' title='bbox 1510 894 1597 938; x_wconf 85' lang='grc' dir='ltr'><strong>πό-</strong></span> 
     </span>
    </p>
   </div>
   <div class='ocr_carea' id='block_1_10' title="bbox 266 1063 1644 1246">
    <p class='ocr_par' dir='ltr' id='par_1_10' title="bbox 266 1063 1644 1246">
     <span class='ocr_line' id='line_1_15' title="bbox 355 1063 1374 1109; baseline 0.001 -11"><span class='ocrx_word' id='word_1_92' title='bbox 355 1066 441 1107; x_wconf 82' lang='lat' dir='ltr'><strong>Cap.</strong></span> <span class='ocrx_word' id='word_1_93' title='bbox 471 1064 567 1097; x_wconf 89' lang='lat' dir='ltr'>XIV.</span> <span class='ocrx_word' id='word_1_94' title='bbox 617 1064 655 1096; x_wconf 89' lang='lat' dir='ltr'><strong>C.</strong></span> <span class='ocrx_word' id='word_1_95' title='bbox 707 1066 756 1108; x_wconf 80' lang='grc' dir='ltr'><strong>τῷ</strong></span> <span class='ocrx_word' id='word_1_96' title='bbox 782 1063 826 1097; x_wconf 72' lang='grc' dir='ltr'><strong>τὰ</strong></span> <span class='ocrx_word' id='word_1_97' title='bbox 851 1065 927 1105; x_wconf 79' lang='grc' dir='ltr'><strong>μὲν</strong></span> <span class='ocrx_word' id='word_1_98' title='bbox 951 1064 1121 1109; x_wconf 77' lang='grc' dir='ltr'><strong><em>ἀγαθῆς</em></strong></span> <span class='ocrx_word' id='word_1_99' title='bbox 1147 1067 1243 1109; x_wconf 73' lang='grc' dir='ltr'>γῆς]</span> <span class='ocrx_word' id='word_1_100' title='bbox 1270 1066 1307 1099; x_wconf 88' lang='grc' dir='ltr'><strong>τὸ</strong></span> <span class='ocrx_word' id='word_1_101' title='bbox 1336 1069 1374 1099; x_wconf 84' lang='grc' dir='ltr'><strong>Α.</strong></span> 
     </span>
     <span class='ocr_line' id='line_1_16' title="bbox 356 1109 1644 1154; baseline 0.002 -12"><span class='ocrx_word' id='word_1_102' title='bbox 356 1111 449 1151; x_wconf 76' lang='grc' dir='ltr'><strong><em>δίχα</em></strong></span> <span class='ocrx_word' id='word_1_103' title='bbox 484 1113 623 1149; x_wconf 81' lang='grc' dir='ltr'><strong><em>τεμεῖν</em></strong></span> <span class='ocrx_word' id='word_1_104' title='bbox 655 1109 860 1153; x_wconf 81' lang='grc' dir='ltr'><strong><em>ἕκαστον]</em></strong></span> <span class='ocrx_word' id='word_1_105' title='bbox 894 1111 1022 1150; x_wconf 83' lang='grc' dir='ltr'><strong><em>τέμνειν</em></strong></span> <span class='ocrx_word' id='word_1_106' title='bbox 1053 1116 1091 1145; x_wconf 81' lang='grc' dir='ltr'><strong>Α.</strong></span> <span class='ocrx_word' id='word_1_107' title='bbox 1119 1123 1150 1145; x_wconf 89' lang='lat' dir='ltr'><strong>x.</strong></span> <span class='ocrx_word' id='word_1_108' title='bbox 1177 1118 1213 1145; x_wconf 85' lang='lat' dir='ltr'><strong>et</strong></span> <span class='ocrx_word' id='word_1_109' title='bbox 1238 1123 1345 1154; x_wconf 78' lang='lat' dir='ltr'><strong>marg.</strong></span> <span class='ocrx_word' id='word_1_110' title='bbox 1378 1109 1415 1143; x_wconf 86' lang='grc' dir='ltr'><strong>Ω.</strong></span> <span class='ocrx_word' id='word_1_111' title='bbox 1441 1122 1472 1144; x_wconf 79' lang='lat' dir='ltr'><strong>a.</strong></span> <span class='ocrx_word' id='word_1_112' title='bbox 1505 1113 1595 1154; x_wconf 87' lang='lat' dir='ltr'><strong>quod</strong></span> <span class='ocrx_word' id='word_1_113' title='bbox 1636 1109 1644 1115; x_wconf 88' lang='grc'><em>“</em></span> 
     </span>
     <span class='ocr_line' id='line_1_17' title="bbox 266 1154 1600 1197; baseline 0.001 -9"><span class='ocrx_word' id='word_1_114' title='bbox 266 1155 372 1188; x_wconf 84' lang='lat' dir='ltr'><strong>edidit</strong></span> <span class='ocrx_word' id='word_1_115' title='bbox 402 1165 509 1195; x_wconf 81' lang='lat' dir='ltr'>nuper</span> <span class='ocrx_word' id='word_1_116' title='bbox 541 1154 741 1188; x_wconf 77' lang='lat' dir='ltr'>Schneider.</span> <span class='ocrx_word' id='word_1_117' title='bbox 777 1160 811 1187; x_wconf 91' lang='lat' dir='ltr'><strong>et</strong></span> <span class='ocrx_word' id='word_1_118' title='bbox 836 1155 1020 1189; x_wconf 80' lang='lat' dir='ltr'>Hermann.</span> <span class='ocrx_word' id='word_1_119' title='bbox 1068 1158 1137 1190; x_wconf 84' lang='lat' dir='ltr'><strong>Sed</strong></span> <span class='ocrx_word' id='word_1_120' title='bbox 1165 1162 1269 1197; x_wconf 79' lang='grc' dir='ltr'><strong><em>τεμεῖν</em></strong></span> <span class='ocrx_word' id='word_1_121' title='bbox 1298 1157 1419 1190; x_wconf 90' lang='lat' dir='ltr'><strong>melius</strong></span> <span class='ocrx_word' id='word_1_122' title='bbox 1443 1159 1600 1190; x_wconf 88' lang='lat' dir='ltr'><strong>convenit</strong></span> 
     </span>
     <span class='ocr_line' id='line_1_18' title="bbox 267 1199 1623 1246; baseline 0 -12"><span class='ocrx_word' id='word_1_123' title='bbox 267 1211 342 1234; x_wconf 84' lang='lat' dir='ltr'><strong>cum</strong></span> <span class='ocrx_word' id='word_1_124' title='bbox 373 1199 492 1232; x_wconf 75' lang='grc' dir='ltr'><strong><em>διελεῖν</em></strong></span> <span class='ocrx_word' id='word_1_125' title='bbox 522 1203 557 1233; x_wconf 87' lang='lat' dir='ltr'><strong>et</strong></span> <span class='ocrx_word' id='word_1_126' title='bbox 591 1200 841 1243; x_wconf 77' lang='grc' dir='ltr'><strong><em>ξυγκληρῶσαι,</em></strong></span> <span class='ocrx_word' id='word_1_127' title='bbox 874 1202 1075 1245; x_wconf 86' lang='lat' dir='ltr'><strong>videturque</strong></span> <span class='ocrx_word' id='word_1_128' title='bbox 1105 1212 1269 1246; x_wconf 73' lang='lat' dir='ltr'>praesens</span> <span class='ocrx_word' id='word_1_129' title='bbox 1300 1208 1432 1236; x_wconf 87' lang='lat' dir='ltr'><strong>temere</strong></span> <span class='ocrx_word' id='word_1_130' title='bbox 1467 1202 1520 1235; x_wconf 86' lang='lat' dir='ltr'><strong>bic</strong></span> <span class='ocrx_word' id='word_1_131' title='bbox 1553 1213 1623 1235; x_wconf 86' lang='lat' dir='ltr'><strong>ex.</strong></span> 
     </span>
    </p>
   </div>
   <div class='ocr_carea' id='block_1_11' title="bbox 245 1310 906 2659">
    <p class='ocr_par' dir='ltr' id='par_1_11' title="bbox 266 1310 901 1577">
     <span class='ocr_line' id='line_1_19' title="bbox 267 1310 901 1355; baseline 0.002 -12"><span class='ocrx_word' id='word_1_132' title='bbox 267 1310 349 1352; x_wconf 80' lang='lat' dir='ltr'><strong>boc,</strong></span> <span class='ocrx_word' id='word_1_133' title='bbox 390 1311 485 1352; x_wconf 90' lang='lat' dir='ltr'><strong>quod</strong></span> <span class='ocrx_word' id='word_1_134' title='bbox 516 1320 635 1343; x_wconf 80' lang='lat' dir='ltr'><strong>omnes</strong></span> <span class='ocrx_word' id='word_1_135' title='bbox 675 1321 778 1354; x_wconf 72' lang='lat' dir='ltr'><strong>opeS,</strong></span> <span class='ocrx_word' id='word_1_136' title='bbox 813 1323 901 1355; x_wconf 79' lang='lat' dir='ltr'><strong>quas</strong></span> 
     </span>
     <span class='ocr_line' id='line_1_20' title="bbox 266 1355 901 1398; baseline 0.005 -11"><span class='ocrx_word' id='word_1_137' title='bbox 266 1357 342 1398; x_wconf 90' lang='lat' dir='ltr'><strong>quis</strong></span> <span class='ocrx_word' id='word_1_138' title='bbox 373 1355 586 1398; x_wconf 82' lang='lat' dir='ltr'><strong>possideret,</strong></span> <span class='ocrx_word' id='word_1_139' title='bbox 619 1358 724 1389; x_wconf 80' lang='lat' dir='ltr'><strong>voluit</strong></span> <span class='ocrx_word' id='word_1_140' title='bbox 755 1368 834 1390; x_wconf 86' lang='lat' dir='ltr'><strong>esse</strong></span> <span class='ocrx_word' id='word_1_141' title='bbox 864 1357 901 1390; x_wconf 85' lang='grc' dir='ltr'><strong>ἐν</strong></span> 
     </span>
     <span class='ocr_line' id='line_1_21' title="bbox 268 1400 898 1444; baseline 0.005 -12"><span class='ocrx_word' id='word_1_142' title='bbox 268 1402 418 1444; x_wconf 78' lang='grc' dir='ltr'><strong><em>φαιερῷ.</em></strong></span> <span class='ocrx_word' id='word_1_143' title='bbox 474 1400 558 1434; x_wconf 83' lang='lat' dir='ltr'><strong>Nam</strong></span> <span class='ocrx_word' id='word_1_144' title='bbox 593 1402 661 1433; x_wconf 79' lang='lat' dir='ltr'><strong>sliu</strong></span> <span class='ocrx_word' id='word_1_145' title='bbox 705 1407 780 1434; x_wconf 79' lang='lat' dir='ltr'><strong>erat</strong></span> <span class='ocrx_word' id='word_1_146' title='bbox 810 1403 898 1444; x_wconf 79' lang='lat' dir='ltr'><strong>apud</strong></span> 
     </span>
     <span class='ocr_line' id='line_1_22' title="bbox 269 1441 900 1490; baseline 0.003 -11"><span class='ocrx_word' id='word_1_147' title='bbox 269 1446 495 1479; x_wconf 74' lang='lat' dir='ltr'>Athenienses</span> <span class='ocrx_word' id='word_1_148' title='bbox 536 1441 637 1478; x_wconf 82' lang='grc' dir='ltr'><strong><em>ουσία</em></strong></span> <span class='ocrx_word' id='word_1_149' title='bbox 668 1446 816 1490; x_wconf 82' lang='grc' dir='ltr'><strong>φαιερά,</strong></span> <span class='ocrx_word' id='word_1_150' title='bbox 856 1448 900 1481; x_wconf 84' lang='lat' dir='ltr'><strong>‹le</strong></span> 
     </span>
     <span class='ocr_line' id='line_1_23' title="bbox 267 1491 898 1533; baseline 0.003 -9"><span class='ocrx_word' id='word_1_151' title='bbox 267 1501 332 1533; x_wconf 81' lang='lat' dir='ltr'><strong>qua</strong></span> <span class='ocrx_word' id='word_1_152' title='bbox 366 1502 403 1523; x_wconf 90' lang='lat' dir='ltr'><strong>re</strong></span> <span class='ocrx_word' id='word_1_153' title='bbox 441 1501 471 1522; x_wconf 90' lang='lat' dir='ltr'><strong>v.</strong></span> <span class='ocrx_word' id='word_1_154' title='bbox 504 1491 542 1523; x_wconf 92' lang='lat' dir='ltr'><strong>C.</strong></span> <span class='ocrx_word' id='word_1_155' title='bbox 579 1491 639 1525; x_wconf 86' lang='lat' dir='ltr'><strong>Fr</strong></span> <span class='ocrx_word' id='word_1_156' title='bbox 671 1492 898 1526; x_wconf 76' lang='lat' dir='ltr'><strong>Hermann.</strong></span> 
     </span>
     <span class='ocr_line' id='line_1_24' title="bbox 269 1535 896 1577; baseline 0.003 -8"><span class='ocrx_word' id='word_1_157' title='bbox 269 1537 501 1577; x_wconf 83' lang='lat' dir='ltr'><strong>Antiquitatt..</strong></span> <span class='ocrx_word' id='word_1_158' title='bbox 514 1535 576 1568; x_wconf 86' lang='lat' dir='ltr'><strong>Gr.</strong></span> <span class='ocrx_word' id='word_1_159' title='bbox 603 1539 633 1577; x_wconf 64' lang='grc' dir='ltr'><strong>ἓ.</strong></span> <span class='ocrx_word' id='word_1_160' title='bbox 653 1537 730 1571; x_wconf 82' lang='grc'><strong>162.</strong></span> <span class='ocrx_word' id='word_1_161' title='bbox 750 1548 826 1571; x_wconf 83' lang='lat' dir='ltr'><strong>ann.</strong></span> <span class='ocrx_word' id='word_1_162' title='bbox 842 1539 896 1573; x_wconf 88' lang='lat'><strong>14.</strong></span> 
     </span>
    </p>

    <p class='ocr_par' dir='ltr' id='par_1_12' title="bbox 267 1578 902 1757">
     <span class='ocr_line' id='line_1_25' title="bbox 338 1578 899 1625; baseline 0.007 -13"><span class='ocrx_word' id='word_1_163' title='bbox 338 1582 377 1613; x_wconf 88' lang='lat' dir='ltr'><strong>B.</strong></span> <span class='ocrx_word' id='word_1_164' title='bbox 428 1578 529 1612; x_wconf 86' lang='grc' dir='ltr'>ὅσαι</span> <span class='ocrx_word' id='word_1_165' title='bbox 575 1581 639 1613; x_wconf 66' lang='grc' dir='ltr'><strong>εἰς</strong></span> <span class='ocrx_word' id='word_1_166' title='bbox 684 1581 899 1625; x_wconf 86' lang='grc' dir='ltr'><strong><em>χρήματα]</em></strong></span> 
     </span>
     <span class='ocr_line' id='line_1_26' title="bbox 268 1625 902 1668; baseline 0.006 -11"><span class='ocrx_word' id='word_1_167' title='bbox 268 1625 517 1668; x_wconf 77' lang='lat' dir='ltr'><strong>Step&#39;lianus</strong></span> <span class='ocrx_word' id='word_1_168' title='bbox 543 1627 607 1668; x_wconf 85' lang='lat' dir='ltr'><strong>legi</strong></span> <span class='ocrx_word' id='word_1_169' title='bbox 622 1628 735 1660; x_wconf 79' lang='lat' dir='ltr'><strong>iubet:</strong></span> <span class='ocrx_word' id='word_1_170' title='bbox 763 1626 828 1660; x_wconf 85' lang='grc' dir='ltr'><strong>ὅσα</strong></span> <span class='ocrx_word' id='word_1_171' title='bbox 850 1629 902 1661; x_wconf 72' lang='grc' dir='ltr'><strong>εἰς</strong></span> 
     </span>
     <span class='ocr_line' id='line_1_27' title="bbox 267 1671 900 1712; baseline 0.008 -11"><span class='ocrx_word' id='word_1_172' title='bbox 267 1682 318 1712; x_wconf 84' lang='grc' dir='ltr'><strong>χρ.</strong></span> <span class='ocrx_word' id='word_1_173' title='bbox 354 1671 458 1704; x_wconf 86' lang='lat' dir='ltr'><strong>Bene.</strong></span> <span class='ocrx_word' id='word_1_174' title='bbox 487 1671 560 1703; x_wconf 81' lang='lat' dir='ltr'><strong>Nisi</strong></span> <span class='ocrx_word' id='word_1_175' title='bbox 586 1671 677 1704; x_wconf 81' lang='lat' dir='ltr'><strong>forte</strong></span> <span class='ocrx_word' id='word_1_176' title='bbox 703 1683 818 1705; x_wconf 88' lang='lat' dir='ltr'><strong>verum</strong></span> <span class='ocrx_word' id='word_1_177' title='bbox 847 1678 900 1707; x_wconf 89' lang='lat' dir='ltr'><strong>est</strong></span> 
     </span>
     <span class='ocr_line' id='line_1_28' title="bbox 269 1713 612 1757; baseline 0 -10"><span class='ocrx_word' id='word_1_178' title='bbox 269 1713 358 1748; x_wconf 84' lang='grc' dir='ltr'><strong><em>ὅσον</em></strong></span> <span class='ocrx_word' id='word_1_179' title='bbox 379 1714 429 1747; x_wconf 69' lang='grc' dir='ltr'><strong>εἰς</strong></span> <span class='ocrx_word' id='word_1_180' title='bbox 454 1713 612 1757; x_wconf 84' lang='grc' dir='ltr'><strong><em>χρήματα.</em></strong></span> 
     </span>
    </p>

    <p class='ocr_par' dir='ltr' id='par_1_13' title="bbox 268 1759 902 2246">
     <span class='ocr_line' id='line_1_29' title="bbox 315 1759 900 1803; baseline 0 -10"><span class='ocrx_word' id='word_1_181' title='bbox 315 1760 504 1803; x_wconf 73' lang='lat' dir='ltr'><strong>Cap.xlv.</strong></span> <span class='ocrx_word' id='word_1_182' title='bbox 531 1759 603 1802; x_wconf 83' lang='grc' dir='ltr'><strong>τὴν</strong></span> <span class='ocrx_word' id='word_1_183' title='bbox 627 1759 756 1793; x_wconf 74' lang='grc' dir='ltr'><strong><em>πόλιν</em></strong></span> <span class='ocrx_word' id='word_1_184' title='bbox 782 1759 900 1803; x_wconf 80' lang='grc' dir='ltr'><strong><em>ἱδρῦ-</em></strong></span> 
     </span>
     <span class='ocr_line' id='line_1_30' title="bbox 269 1804 901 1848; baseline 0 -10"><span class='ocrx_word' id='word_1_185' title='bbox 269 1806 376 1838; x_wconf 83' lang='grc' dir='ltr'><em>σθαι</em></span> <span class='ocrx_word' id='word_1_186' title='bbox 423 1804 508 1846; x_wconf 83' lang='grc' dir='ltr'><strong>δεῖ]</strong></span> <span class='ocrx_word' id='word_1_187' title='bbox 567 1808 689 1839; x_wconf 79' lang='lat' dir='ltr'><strong>Active</strong></span> <span class='ocrx_word' id='word_1_188' title='bbox 735 1808 901 1848; x_wconf 78' lang='lat' dir='ltr'><strong>significat</strong></span> 
     </span>
     <span class='ocr_line' id='line_1_31' title="bbox 270 1850 901 1893; baseline 0.002 -11"><span class='ocrx_word' id='word_1_189' title='bbox 270 1850 445 1892; x_wconf 79' lang='grc' dir='ltr'><em>ἱδρῦσθαι.</em></span> <span class='ocrx_word' id='word_1_190' title='bbox 472 1850 591 1892; x_wconf 84' lang='lat' dir='ltr'><strong>Symp.</strong></span> <span class='ocrx_word' id='word_1_191' title='bbox 617 1863 650 1893; x_wconf 89' lang='lat' dir='ltr'><strong>p.</strong></span> <span class='ocrx_word' id='word_1_192' title='bbox 681 1851 758 1886; x_wconf 85' lang='lat'><strong>195.</strong></span> <span class='ocrx_word' id='word_1_193' title='bbox 787 1851 833 1886; x_wconf 76' lang='lat' dir='ltr'><strong>Ex</strong></span> <span class='ocrx_word' id='word_1_194' title='bbox 865 1851 901 1883; x_wconf 80' lang='grc' dir='ltr'><strong>ἐν</strong></span> 
     </span>
     <span class='ocr_line' id='line_1_32' title="bbox 268 1894 901 1938; baseline 0.002 -11"><span class='ocrx_word' id='word_1_195' title='bbox 268 1894 373 1938; x_wconf 76' lang='grc' dir='ltr'><strong><em>ἤθεσι</em></strong></span> <span class='ocrx_word' id='word_1_196' title='bbox 402 1897 456 1928; x_wconf 77' lang='grc' dir='ltr'><strong>καὶ</strong></span> <span class='ocrx_word' id='word_1_197' title='bbox 489 1900 612 1936; x_wconf 70' lang='grc' dir='ltr'><strong><em>ψυχαῖς</em></strong></span> <span class='ocrx_word' id='word_1_198' title='bbox 641 1896 738 1928; x_wconf 77' lang='grc' dir='ltr'><strong><em>θεῶν</em></strong></span> <span class='ocrx_word' id='word_1_199' title='bbox 761 1897 815 1928; x_wconf 79' lang='grc' dir='ltr'><strong>καὶ</strong></span> <span class='ocrx_word' id='word_1_200' title='bbox 843 1894 901 1929; x_wconf 84' lang='grc' dir='ltr'><strong>ἀν-</strong></span> 
     </span>
     <span class='ocr_line' id='line_1_33' title="bbox 268 1939 899 1984; baseline 0.002 -11"><span class='ocrx_word' id='word_1_201' title='bbox 268 1940 426 1984; x_wconf 76' lang='grc' dir='ltr'><strong><em>θρώπων</em></strong></span> <span class='ocrx_word' id='word_1_202' title='bbox 471 1939 531 1983; x_wconf 82' lang='grc' dir='ltr'><strong>τὴν</strong></span> <span class='ocrx_word' id='word_1_203' title='bbox 579 1942 711 1984; x_wconf 79' lang='grc' dir='ltr'><strong><em>οἴκησιν</em></strong></span> <span class='ocrx_word' id='word_1_204' title='bbox 759 1941 899 1984; x_wconf 80' lang='grc' dir='ltr'><strong>ἵδρυται.</strong></span> 
     </span>
     <span class='ocr_line' id='line_1_34' title="bbox 270 1986 902 2029; baseline -0.002 -10"><span class='ocrx_word' id='word_1_205' title='bbox 270 1987 486 2028; x_wconf 82' lang='lat' dir='ltr'><strong>lungendum</strong></span> <span class='ocrx_word' id='word_1_206' title='bbox 511 1988 630 2029; x_wconf 76' lang='lat' dir='ltr'><strong>igitur:</strong></span> <span class='ocrx_word' id='word_1_207' title='bbox 665 1986 719 2019; x_wconf 83' lang='grc' dir='ltr'><strong>δεῖ</strong></span> <span class='ocrx_word' id='word_1_208' title='bbox 738 1986 902 2029; x_wconf 82' lang='grc' dir='ltr'><strong><em>ἱδρῦσθαι</em></strong></span> 
     </span>
     <span class='ocr_line' id='line_1_35' title="bbox 271 2030 902 2073; baseline -0.003 -8"><span class='ocrx_word' id='word_1_209' title='bbox 271 2030 491 2073; x_wconf 73' lang='grc' dir='ltr'><strong><em>ἐκλεξάμενον</em></strong></span> <span class='ocrx_word' id='word_1_210' title='bbox 531 2030 654 2070; x_wconf 82' lang='grc' dir='ltr'><strong><em>τόπον,</em></strong></span> <span class='ocrx_word' id='word_1_211' title='bbox 689 2033 807 2073; x_wconf 75' lang='grc' dir='ltr'><strong><em>ἔχοντα</em></strong></span> <span class='ocrx_word' id='word_1_212' title='bbox 847 2034 902 2065; x_wconf 86' lang='grc' dir='ltr'><strong>καὶ</strong></span> 
     </span>
     <span class='ocr_line' id='line_1_36' title="bbox 271 2073 902 2120; baseline 0 -10"><span class='ocrx_word' id='word_1_213' title='bbox 271 2073 369 2110; x_wconf 74' lang='grc' dir='ltr'><strong>τᾶλλα</strong></span> <span class='ocrx_word' id='word_1_214' title='bbox 383 2078 449 2109; x_wconf 74' lang='grc' dir='ltr'><strong>τῶν</strong></span> <span class='ocrx_word' id='word_1_215' title='bbox 462 2074 692 2120; x_wconf 75' lang='grc' dir='ltr'><strong><em>ὑπαρχόντων,</em></strong></span> <span class='ocrx_word' id='word_1_216' title='bbox 717 2075 780 2110; x_wconf 86' lang='grc' dir='ltr'><strong>ὅσα</strong></span> <span class='ocrx_word' id='word_1_217' title='bbox 797 2076 902 2120; x_wconf 74' lang='grc' dir='ltr'><strong><em>πρόε-</em></strong></span> 
     </span>
     <span class='ocr_line' id='line_1_37' title="bbox 272 2121 900 2165; baseline 0.002 -11"><span class='ocrx_word' id='word_1_218' title='bbox 272 2121 366 2165; x_wconf 82' lang='grc' dir='ltr'><strong><em>φορά</em></strong></span> <span class='ocrx_word' id='word_1_219' title='bbox 405 2121 511 2162; x_wconf 77' lang='grc' dir='ltr'><strong>(ἐστι)</strong></span> <span class='ocrx_word' id='word_1_220' title='bbox 547 2121 652 2155; x_wconf 79' lang='grc' dir='ltr'><strong>πόλει.</strong></span> <span class='ocrx_word' id='word_1_221' title='bbox 714 2123 900 2165; x_wconf 75' lang='lat' dir='ltr'><strong>Perpetem</strong></span> 
     </span>
     <span class='ocr_line' id='line_1_38' title="bbox 268 2166 902 2210; baseline 0.002 -10"><span class='ocrx_word' id='word_1_222' title='bbox 268 2168 376 2201; x_wconf 83' lang='lat' dir='ltr'><strong>verbo</strong></span> <span class='ocrx_word' id='word_1_223' title='bbox 403 2166 568 2208; x_wconf 75' lang='grc' dir='ltr'><strong><em>ἱδρῦσθαι</em></strong></span> <span class='ocrx_word' id='word_1_224' title='bbox 600 2169 734 2209; x_wconf 73' lang='lat' dir='ltr'><strong>passive</strong></span> <span class='ocrx_word' id='word_1_225' title='bbox 758 2174 902 2210; x_wconf 81' lang='lat' dir='ltr'><strong>accepto</strong></span> 
     </span>
     <span class='ocr_line' id='line_1_39' title="bbox 269 2211 845 2246; baseline 0 0"><span class='ocrx_word' id='word_1_226' title='bbox 269 2211 519 2246; x_wconf 73' lang='lat' dir='ltr'><strong>anacoluthiam</strong></span> <span class='ocrx_word' id='word_1_227' title='bbox 546 2214 731 2246; x_wconf 78' lang='lat' dir='ltr'><strong>commenti</strong></span> <span class='ocrx_word' id='word_1_228' title='bbox 756 2218 845 2246; x_wconf 80' lang='lat' dir='ltr'><strong>sunt.</strong></span> 
     </span>
    </p>

    <p class='ocr_par' dir='ltr' id='par_1_14' title="bbox 245 2254 906 2659">
     <span class='ocr_line' id='line_1_40' title="bbox 315 2254 902 2300; baseline 0.005 -12"><span class='ocrx_word' id='word_1_229' title='bbox 315 2257 508 2297; x_wconf 76' lang='grc' dir='ltr'><strong><em>θέμενον</em></strong></span> <span class='ocrx_word' id='word_1_230' title='bbox 530 2254 697 2290; x_wconf 71' lang='grc' dir='ltr'><strong><em>Ἑστίας</em></strong></span> <span class='ocrx_word' id='word_1_231' title='bbox 720 2276 764 2282; x_wconf 95' lang='lat'>—</span> <span class='ocrx_word' id='word_1_232' title='bbox 788 2254 902 2300; x_wconf 77' lang='grc' dir='ltr'><em>Ἀθη-</em></span> 
     </span>
     <span class='ocr_line' id='line_1_41' title="bbox 269 2300 902 2345; baseline 0.002 -10"><span class='ocrx_word' id='word_1_233' title='bbox 269 2303 348 2335; x_wconf 69' lang='grc' dir='ltr'><strong>νᾶς</strong></span> <span class='ocrx_word' id='word_1_234' title='bbox 379 2300 541 2345; x_wconf 55' lang='lat' dir='ltr'><strong>leptim]</strong></span> <span class='ocrx_word' id='word_1_235' title='bbox 579 2303 653 2336; x_wconf 89' lang='lat' dir='ltr'><strong>Non</strong></span> <span class='ocrx_word' id='word_1_236' title='bbox 693 2303 798 2336; x_wconf 89' lang='lat' dir='ltr'><strong>modo</strong></span> <span class='ocrx_word' id='word_1_237' title='bbox 831 2304 902 2336; x_wconf 87' lang='lat' dir='ltr'><strong>lovi</strong></span> 
     </span>
     <span class='ocr_line' id='line_1_42' title="bbox 271 2347 903 2390; baseline 0 -9"><span class='ocrx_word' id='word_1_238' title='bbox 271 2351 308 2381; x_wconf 88' lang='lat' dir='ltr'><strong>et</strong></span> <span class='ocrx_word' id='word_1_239' title='bbox 339 2347 466 2381; x_wconf 81' lang='lat' dir='ltr'><strong>Vestae</strong></span> <span class='ocrx_word' id='word_1_240' title='bbox 498 2349 663 2390; x_wconf 78' lang='lat' dir='ltr'><strong>templum</strong></span> <span class='ocrx_word' id='word_1_241' title='bbox 708 2350 903 2381; x_wconf 74' lang='lat' dir='ltr'><strong>consecrari</strong></span> 
     </span>
     <span class='ocr_line' id='line_1_43' title="bbox 269 2391 906 2436; baseline 0 -10"><span class='ocrx_word' id='word_1_242' title='bbox 269 2393 364 2426; x_wconf 85' lang='lat' dir='ltr'><strong>iubet</strong></span> <span class='ocrx_word' id='word_1_243' title='bbox 386 2391 629 2433; x_wconf 73' lang='lat' dir='ltr'><strong>Atheniensis,</strong></span> <span class='ocrx_word' id='word_1_244' title='bbox 662 2393 744 2433; x_wconf 87' lang='lat' dir='ltr'><strong>sed,</strong></span> <span class='ocrx_word' id='word_1_245' title='bbox 775 2394 906 2436; x_wconf 75' lang='lat' dir='ltr'><strong>patriae</strong></span> 
     </span>
     <span class='ocr_line' id='line_1_44' title="bbox 272 2438 903 2479; baseline -0.002 -9"><span class='ocrx_word' id='word_1_246' title='bbox 272 2448 358 2470; x_wconf 75' lang='lat' dir='ltr'><strong>suae</strong></span> <span class='ocrx_word' id='word_1_247' title='bbox 390 2446 542 2478; x_wconf 87' lang='lat' dir='ltr'><strong>memor,</strong></span> <span class='ocrx_word' id='word_1_248' title='bbox 580 2438 680 2471; x_wconf 82' lang='lat' dir='ltr'><strong>etium</strong></span> <span class='ocrx_word' id='word_1_249' title='bbox 714 2438 903 2479; x_wconf 80' lang='lat' dir='ltr'><strong>Minervae,</strong></span> 
     </span>
     <span class='ocr_line' id='line_1_45' title="bbox 245 2481 904 2525; baseline 0 -9"><span class='ocrx_word' id='word_1_250' title='bbox 245 2518 254 2521; x_wconf 63' lang='grc'>,</span> <span class='ocrx_word' id='word_1_251' title='bbox 272 2484 370 2516; x_wconf 85' lang='lat' dir='ltr'><strong>cuius</strong></span> <span class='ocrx_word' id='word_1_252' title='bbox 399 2482 431 2514; x_wconf 90' lang='lat' dir='ltr'><strong>in</strong></span> <span class='ocrx_word' id='word_1_253' title='bbox 462 2482 566 2515; x_wconf 78' lang='lat' dir='ltr'><strong>Creta</strong></span> <span class='ocrx_word' id='word_1_254' title='bbox 599 2481 743 2525; x_wconf 81' lang='lat' dir='ltr'><strong>exiguus</strong></span> <span class='ocrx_word' id='word_1_255' title='bbox 774 2488 904 2516; x_wconf 78' lang='lat' dir='ltr'><strong>tantum</strong></span> 
     </span>
     <span class='ocr_line' id='line_1_46' title="bbox 270 2526 903 2561; baseline 0 -1"><span class='ocrx_word' id='word_1_256' title='bbox 270 2529 382 2560; x_wconf 88' lang='lat' dir='ltr'><strong>cultus</strong></span> <span class='ocrx_word' id='word_1_257' title='bbox 411 2526 487 2560; x_wconf 82' lang='lat' dir='ltr'><strong>suit.</strong></span> <span class='ocrx_word' id='word_1_258' title='bbox 535 2527 718 2561; x_wconf 83' lang='lat' dir='ltr'><strong>Enimvero</strong></span> <span class='ocrx_word' id='word_1_259' title='bbox 745 2529 846 2561; x_wconf 83' lang='lat' dir='ltr'><strong>Plato</strong></span> <span class='ocrx_word' id='word_1_260' title='bbox 870 2529 903 2560; x_wconf 90' lang='lat' dir='ltr'><strong>in</strong></span> 
     </span>
     <span class='ocr_line' id='line_1_47' title="bbox 273 2572 902 2614; baseline 0 -9"><span class='ocrx_word' id='word_1_261' title='bbox 273 2572 427 2614; x_wconf 77' lang='lat' dir='ltr'><strong>Legibus</strong></span> <span class='ocrx_word' id='word_1_262' title='bbox 464 2572 534 2605; x_wconf 82' lang='lat' dir='ltr'><strong>suis</strong></span> <span class='ocrx_word' id='word_1_263' title='bbox 569 2582 681 2606; x_wconf 88' lang='lat' dir='ltr'><strong>rerum</strong></span> <span class='ocrx_word' id='word_1_264' title='bbox 719 2574 902 2614; x_wconf 78' lang='lat' dir='ltr'><strong>patriarum</strong></span> 
     </span>
     <span class='ocr_line' id='line_1_48' title="bbox 272 2617 905 2659; baseline -0.002 -9"><span class='ocrx_word' id='word_1_265' title='bbox 272 2617 361 2651; x_wconf 77' lang='lat' dir='ltr'><strong>adeo</strong></span> <span class='ocrx_word' id='word_1_266' title='bbox 408 2627 475 2651; x_wconf 88' lang='lat' dir='ltr'><strong>non</strong></span> <span class='ocrx_word' id='word_1_267' title='bbox 512 2623 566 2651; x_wconf 84' lang='lat' dir='ltr'><strong>est</strong></span> <span class='ocrx_word' id='word_1_268' title='bbox 609 2622 820 2659; x_wconf 83' lang='lat' dir='ltr'><strong>contemtor,</strong></span> <span class='ocrx_word' id='word_1_269' title='bbox 869 2622 905 2650; x_wconf 88' lang='lat' dir='ltr'><strong>ut</strong></span> 
     </span>
    </p>
   </div>
   <div class='ocr_carea' id='block_1_12' title="bbox 968 1312 1600 1442">
    <p class='ocr_par' dir='ltr' id='par_1_15' title="bbox 968 1312 1600 1437">
     <span class='ocr_line' id='line_1_49' title="bbox 969 1312 1600 1355; baseline 0 -9"><span class='ocrx_word' id='word_1_270' title='bbox 969 1315 1075 1346; x_wconf 76' lang='lat' dir='ltr'><strong>mults</strong></span> <span class='ocrx_word' id='word_1_271' title='bbox 1099 1312 1177 1346; x_wconf 87' lang='lat' dir='ltr'><strong>inde</strong></span> <span class='ocrx_word' id='word_1_272' title='bbox 1201 1312 1247 1345; x_wconf 80' lang='lat' dir='ltr'><strong>ad</strong></span> <span class='ocrx_word' id='word_1_273' title='bbox 1271 1313 1463 1354; x_wconf 79' lang='lat' dir='ltr'><strong>civitatem,</strong></span> <span class='ocrx_word' id='word_1_274' title='bbox 1498 1323 1600 1355; x_wconf 76' lang='lat' dir='ltr'><strong>quum</strong></span> 
     </span>
     <span class='ocr_line' id='line_1_50' title="bbox 968 1358 1599 1399; baseline 0 -8"><span class='ocrx_word' id='word_1_275' title='bbox 968 1360 1001 1391; x_wconf 91' lang='lat' dir='ltr'><strong>in</strong></span> <span class='ocrx_word' id='word_1_276' title='bbox 1034 1358 1084 1391; x_wconf 86' lang='lat' dir='ltr'><strong>his</strong></span> <span class='ocrx_word' id='word_1_277' title='bbox 1116 1358 1208 1391; x_wconf 91' lang='lat' dir='ltr'><strong>libris</strong></span> <span class='ocrx_word' id='word_1_278' title='bbox 1241 1358 1412 1399; x_wconf 81' lang='lat' dir='ltr'><strong>condidit,</strong></span> <span class='ocrx_word' id='word_1_279' title='bbox 1446 1363 1599 1391; x_wconf 78' lang='lat' dir='ltr'><strong>transtu-</strong></span> 
     </span>
     <span class='ocr_line' id='line_1_51' title="bbox 970 1402 1598 1442; baseline 0 -6"><span class='ocrx_word' id='word_1_280' title='bbox 970 1405 1050 1437; x_wconf 85' lang='lat' dir='ltr'><strong>lisse</strong></span> <span class='ocrx_word' id='word_1_281' title='bbox 1075 1402 1321 1442; x_wconf 78' lang='lat' dir='ltr'><strong>existimandus</strong></span> <span class='ocrx_word' id='word_1_282' title='bbox 1349 1404 1404 1436; x_wconf 81' lang='lat' dir='ltr'><strong>sit.</strong></span> <span class='ocrx_word' id='word_1_283' title='bbox 1437 1414 1467 1435; x_wconf 86' lang='lat' dir='ltr'><strong>v.</strong></span> <span class='ocrx_word' id='word_1_284' title='bbox 1495 1403 1598 1436; x_wconf 86' lang='lat' dir='ltr'><strong>Her-</strong></span> 
     </span>
    </p>
   </div>
   <div class='ocr_carea' id='block_1_13' title="bbox 955 1448 1636 1503">
    <p class='ocr_par' dir='ltr' id='par_1_16' title="bbox 955 1448 1636 1503">
     <span class='ocr_line' id='line_1_52' title="bbox 955 1448 1636 1503; baseline 0.003 -22"><span class='ocrx_word' id='word_1_285' title='bbox 955 1459 1096 1482; x_wconf 59' lang='lat' dir='ltr'><strong>&gt;maun.</strong></span> <span class='ocrx_word' id='word_1_286' title='bbox 1128 1450 1177 1481; x_wconf 88' lang='lat' dir='ltr'><strong>De</strong></span> <span class='ocrx_word' id='word_1_287' title='bbox 1201 1450 1349 1503; x_wconf 74' lang='lat' dir='ltr'><strong>vestigg.</strong></span> <span class='ocrx_word' id='word_1_288' title='bbox 1371 1452 1432 1481; x_wconf 88' lang='lat' dir='ltr'><strong>ctr.</strong></span> <span class='ocrx_word' id='word_1_289' title='bbox 1451 1448 1476 1480; x_wconf 90' lang='lat' dir='ltr'><strong>l.</strong></span> <span class='ocrx_word' id='word_1_290' title='bbox 1496 1459 1527 1491; x_wconf 86' lang='lat' dir='ltr'><strong>p.</strong></span> <span class='ocrx_word' id='word_1_291' title='bbox 1543 1448 1599 1483; x_wconf 87' lang='lat'><strong>33.</strong></span> <span class='ocrx_word' id='word_1_292' title='bbox 1626 1475 1636 1485; x_wconf 81' lang='grc'><strong><em>,</em></strong></span> 
     </span>
    </p>
   </div>
   <div class='ocr_carea' id='block_1_14' title="bbox 966 1489 1598 1628">
    <p class='ocr_par' dir='ltr' id='par_1_17' title="bbox 966 1489 1598 1628">
     <span class='ocr_line' id='line_1_53' title="bbox 969 1489 1598 1535; baseline 0 -10"><span class='ocrx_word' id='word_1_293' title='bbox 969 1513 1010 1518; x_wconf 84' lang='lat'><strong>——</strong></span> <span class='ocrx_word' id='word_1_294' title='bbox 1040 1490 1280 1535; x_wconf 74' lang='grc' dir='ltr'><strong><em>ἀκρόπολιν</em></strong></span> <span class='ocrx_word' id='word_1_295' title='bbox 1321 1489 1598 1534; x_wconf 82' lang='grc' dir='ltr'><strong><em>ονομάζοντα,</em></strong></span> 
     </span>
     <span class='ocr_line' id='line_1_54' title="bbox 968 1539 1598 1572; baseline 0.002 -1"><span class='ocrx_word' id='word_1_296' title='bbox 968 1539 1065 1572; x_wconf 89' lang='lat' dir='ltr'><strong>sicuti</strong></span> <span class='ocrx_word' id='word_1_297' title='bbox 1087 1539 1245 1572; x_wconf 80' lang='lat' dir='ltr'><strong>Athenis</strong></span> <span class='ocrx_word' id='word_1_298' title='bbox 1237 1548 1270 1570; x_wconf 87' lang='grc' dir='ltr'><strong>ιιι</strong></span> <span class='ocrx_word' id='word_1_299' title='bbox 1288 1548 1366 1571; x_wconf 79' lang='lat' dir='ltr'><strong>arce</strong></span> <span class='ocrx_word' id='word_1_300' title='bbox 1388 1543 1598 1572; x_wconf 82' lang='lat' dir='ltr'><strong>exstructum</strong></span> 
     </span>
     <span class='ocr_line' id='line_1_55' title="bbox 966 1584 1436 1628; baseline -0.002 -12"><span class='ocrx_word' id='word_1_301' title='bbox 966 1585 1031 1617; x_wconf 81' lang='lat' dir='ltr'><strong>fuit</strong></span> <span class='ocrx_word' id='word_1_302' title='bbox 1056 1586 1223 1626; x_wconf 81' lang='lat' dir='ltr'><strong>tempium</strong></span> <span class='ocrx_word' id='word_1_303' title='bbox 1250 1584 1436 1628; x_wconf 68' lang='lat' dir='ltr'><strong>Minensae.</strong></span> 
     </span>
    </p>
   </div>
   <div class='ocr_carea' id='block_1_15' title="bbox 967 1644 1641 2368">
    <p class='ocr_par' dir='ltr' id='par_1_18' title="bbox 967 1644 1641 2368">
     <span class='ocr_line' id='line_1_56' title="bbox 1014 1644 1599 1693; baseline 0.005 -11"><span class='ocrx_word' id='word_1_304' title='bbox 1014 1650 1054 1683; x_wconf 91' lang='lat' dir='ltr'><strong>C.</strong></span> <span class='ocrx_word' id='word_1_305' title='bbox 1102 1647 1177 1691; x_wconf 81' lang='grc' dir='ltr'><strong>ἀφ’</strong></span> <span class='ocrx_word' id='word_1_306' title='bbox 1203 1644 1253 1682; x_wconf 74' lang='grc' dir='ltr'><strong>οὗ</strong></span> <span class='ocrx_word' id='word_1_307' title='bbox 1280 1651 1325 1684; x_wconf 83' lang='grc' dir='ltr'><strong>τὰ</strong></span> <span class='ocrx_word' id='word_1_308' title='bbox 1350 1650 1516 1685; x_wconf 52' lang='lat' dir='ltr'><strong>&amp;amena</strong></span> <span class='ocrx_word' id='word_1_309' title='bbox 1539 1653 1599 1693; x_wconf 81' lang='grc' dir='ltr'><strong><em>με’-</em></strong></span> 
     </span>
     <span class='ocr_line' id='line_1_57' title="bbox 968 1695 1598 1738; baseline 0.008 -12"><span class='ocrx_word' id='word_1_310' title='bbox 968 1707 1016 1737; x_wconf 90' lang='grc' dir='ltr'><strong>ρη</strong></span> <span class='ocrx_word' id='word_1_311' title='bbox 1042 1695 1097 1738; x_wconf 90' lang='grc'><strong>-]</strong></span> <span class='ocrx_word' id='word_1_312' title='bbox 1127 1696 1170 1727; x_wconf 83' lang='grc' dir='ltr'><strong>Η.</strong></span> <span class='ocrx_word' id='word_1_313' title='bbox 1198 1706 1228 1728; x_wconf 91' lang='lat' dir='ltr'><strong>e.</strong></span> <span class='ocrx_word' id='word_1_314' title='bbox 1254 1705 1302 1727; x_wconf 72' lang='lat' dir='ltr'><strong>ecs</strong></span> <span class='ocrx_word' id='word_1_315' title='bbox 1328 1696 1366 1730; x_wconf 85' lang='grc' dir='ltr'><strong>τὰ</strong></span> <span class='ocrx_word' id='word_1_316' title='bbox 1391 1697 1521 1731; x_wconf 81' lang='grc' dir='ltr'><strong><em>δώδεκα</em></strong></span> <span class='ocrx_word' id='word_1_317' title='bbox 1544 1699 1598 1738; x_wconf 82' lang='grc' dir='ltr'><strong><em>με’-</em></strong></span> 
     </span>
     <span class='ocr_line' id='line_1_58' title="bbox 968 1740 1599 1783; baseline 0.006 -11"><span class='ocrx_word' id='word_1_318' title='bbox 968 1752 1022 1783; x_wconf 78' lang='grc' dir='ltr'><strong>ρη,</strong></span> <span class='ocrx_word' id='word_1_319' title='bbox 1047 1740 1223 1773; x_wconf 80' lang='lat' dir='ltr'><strong>notissima</strong></span> <span class='ocrx_word' id='word_1_320' title='bbox 1241 1745 1499 1776; x_wconf 86' lang='lat' dir='ltr'><strong>constructione</strong></span> <span class='ocrx_word' id='word_1_321' title='bbox 1523 1753 1599 1776; x_wconf 79' lang='lat' dir='ltr'><strong>ver-</strong></span> 
     </span>
     <span class='ocr_line' id='line_1_59' title="bbox 968 1786 1598 1827; baseline 0.005 -9"><span class='ocrx_word' id='word_1_322' title='bbox 968 1787 1110 1825; x_wconf 86' lang='lat' dir='ltr'><strong>borum,</strong></span> <span class='ocrx_word' id='word_1_323' title='bbox 1149 1796 1236 1827; x_wconf 83' lang='lat' dir='ltr'><strong>quae</strong></span> <span class='ocrx_word' id='word_1_324' title='bbox 1275 1786 1474 1821; x_wconf 80' lang='lat' dir='ltr'><strong>divisionem</strong></span> <span class='ocrx_word' id='word_1_325' title='bbox 1514 1788 1598 1821; x_wconf 84' lang='lat' dir='ltr'><strong>indi-</strong></span> 
     </span>
     <span class='ocr_line' id='line_1_60' title="bbox 968 1830 1598 1875; baseline 0.005 -13"><span class='ocrx_word' id='word_1_326' title='bbox 968 1835 1057 1862; x_wconf 80' lang='lat' dir='ltr'><strong>cant.</strong></span> <span class='ocrx_word' id='word_1_327' title='bbox 1097 1830 1165 1863; x_wconf 88' lang='lat' dir='ltr'><strong>vid.</strong></span> <span class='ocrx_word' id='word_1_328' title='bbox 1205 1831 1526 1868; x_wconf 64' lang='lat' dir='ltr'><strong>MatthiaeGr.</strong></span> <span class='ocrx_word' id='word_1_329' title='bbox 1568 1833 1598 1875; x_wconf 67' lang='grc' dir='ltr'><strong>ξ.</strong></span> 
     </span>
     <span class='ocr_line' id='line_1_61' title="bbox 967 1875 1600 1920; baseline 0 -10"><span class='ocrx_word' id='word_1_330' title='bbox 967 1875 1047 1910; x_wconf 79' lang='lat'><strong>419.</strong></span> <span class='ocrx_word' id='word_1_331' title='bbox 1079 1876 1100 1907; x_wconf 91' lang='lat' dir='ltr'><strong>i.</strong></span> <span class='ocrx_word' id='word_1_332' title='bbox 1136 1886 1168 1917; x_wconf 86' lang='lat' dir='ltr'><strong>p.</strong></span> <span class='ocrx_word' id='word_1_333' title='bbox 1191 1875 1271 1909; x_wconf 83' lang='lat'><strong>933.</strong></span> <span class='ocrx_word' id='word_1_334' title='bbox 1305 1879 1360 1910; x_wconf 89' lang='lat' dir='ltr'><strong>ed.</strong></span> <span class='ocrx_word' id='word_1_335' title='bbox 1384 1878 1417 1912; x_wconf 89' lang='lat'><strong>3.</strong></span> <span class='ocrx_word' id='word_1_336' title='bbox 1452 1882 1486 1911; x_wconf 87' lang='lat' dir='ltr'><strong>et</strong></span> <span class='ocrx_word' id='word_1_337' title='bbox 1514 1886 1600 1920; x_wconf 89' lang='lat' dir='ltr'><strong>quos</strong></span> 
     </span>
     <span class='ocr_line' id='line_1_62' title="bbox 968 1920 1600 1957; baseline 0.005 -3"><span class='ocrx_word' id='word_1_338' title='bbox 968 1922 1024 1954; x_wconf 87' lang='lat' dir='ltr'><strong>ille</strong></span> <span class='ocrx_word' id='word_1_339' title='bbox 1055 1921 1219 1953; x_wconf 80' lang='lat' dir='ltr'><strong>laudavit.</strong></span> <span class='ocrx_word' id='word_1_340' title='bbox 1273 1923 1412 1955; x_wconf 83' lang='lat' dir='ltr'><strong>Articuli</strong></span> <span class='ocrx_word' id='word_1_341' title='bbox 1446 1920 1484 1954; x_wconf 82' lang='grc' dir='ltr'><strong>τὰ</strong></span> <span class='ocrx_word' id='word_1_342' title='bbox 1516 1922 1600 1957; x_wconf 81' lang='lat' dir='ltr'><strong>haec</strong></span> 
     </span>
     <span class='ocr_line' id='line_1_63' title="bbox 969 1965 1600 2008; baseline 0 -8"><span class='ocrx_word' id='word_1_343' title='bbox 969 1969 1023 2000; x_wconf 85' lang='lat' dir='ltr'><strong>est</strong></span> <span class='ocrx_word' id='word_1_344' title='bbox 1047 1966 1096 1998; x_wconf 83' lang='lat' dir='ltr'><strong>vis</strong></span> <span class='ocrx_word' id='word_1_345' title='bbox 1121 1970 1156 1999; x_wconf 86' lang='lat' dir='ltr'><strong>et</strong></span> <span class='ocrx_word' id='word_1_346' title='bbox 1179 1965 1400 2008; x_wconf 78' lang='lat' dir='ltr'><strong>significatio:</strong></span> <span class='ocrx_word' id='word_1_347' title='bbox 1433 1967 1471 2000; x_wconf 89' lang='lat' dir='ltr'><strong>in</strong></span> <span class='ocrx_word' id='word_1_348' title='bbox 1503 1968 1600 2000; x_wconf 89' lang='lat' dir='ltr'><strong>duo-</strong></span> 
     </span>
     <span class='ocr_line' id='line_1_64' title="bbox 970 2011 1600 2067; baseline 0 -23"><span class='ocrx_word' id='word_1_349' title='bbox 970 2011 1125 2050; x_wconf 84' lang='lat' dir='ltr'><strong>decim,</strong></span> <span class='ocrx_word' id='word_1_350' title='bbox 1179 2021 1281 2052; x_wconf 85' lang='lat' dir='ltr'><strong>quss</strong></span> <span class='ocrx_word' id='word_1_351' title='bbox 1325 2021 1443 2044; x_wconf 75' lang='lat' dir='ltr'><strong>nunc</strong></span> <span class='ocrx_word' id='word_1_352' title='bbox 1489 2012 1600 2067; x_wconf 83' lang='lat' dir='ltr'><strong>dixi,</strong></span> 
     </span>
     <span class='ocr_line' id='line_1_65' title="bbox 970 2053 1600 2101; baseline 0.003 -13"><span class='ocrx_word' id='word_1_353' title='bbox 970 2060 1134 2099; x_wconf 78' lang='lat' dir='ltr'><strong>partes.</strong></span> <span class='ocrx_word' id='word_1_354' title='bbox 1160 2074 1204 2078; x_wconf 97' lang='lat'><strong>—</strong></span> <span class='ocrx_word' id='word_1_355' title='bbox 1250 2056 1302 2098; x_wconf 78' lang='grc' dir='ltr'><strong>τῷ</strong></span> <span class='ocrx_word' id='word_1_356' title='bbox 1333 2054 1378 2088; x_wconf 79' lang='grc' dir='ltr'><strong>τὰ</strong></span> <span class='ocrx_word' id='word_1_357' title='bbox 1410 2056 1484 2096; x_wconf 81' lang='grc' dir='ltr'><strong>μὲν</strong></span> <span class='ocrx_word' id='word_1_358' title='bbox 1508 2053 1600 2101; x_wconf 85' lang='grc' dir='ltr'><strong><em>α’γα-</em></strong></span> 
     </span>
     <span class='ocr_line' id='line_1_66' title="bbox 969 2089 1599 2143; baseline 0.003 -10"><span class='ocrx_word' id='word_1_359' title='bbox 969 2101 1054 2143; x_wconf 69' lang='grc' dir='ltr'><strong>θῆς</strong></span> <span class='ocrx_word' id='word_1_360' title='bbox 1078 2101 1154 2143; x_wconf 69' lang='grc' dir='ltr'><strong>γῆς</strong></span> <span class='ocrx_word' id='word_1_361' title='bbox 1177 2089 1286 2133; x_wconf 83' lang='grc' dir='ltr'><strong><em>εἶναι</em></strong></span> <span class='ocrx_word' id='word_1_362' title='bbox 1309 2113 1338 2133; x_wconf 89' lang='grc' dir='ltr'><strong>κ.</strong></span> <span class='ocrx_word' id='word_1_363' title='bbox 1363 2114 1390 2133; x_wconf 85' lang='grc' dir='ltr'><strong><em>τ</em></strong></span> <span class='ocrx_word' id='word_1_364' title='bbox 1406 2103 1432 2134; x_wconf 75' lang='lat'><strong>2.</strong></span> <span class='ocrx_word' id='word_1_365' title='bbox 1459 2103 1519 2135; x_wconf 74' lang='lat' dir='ltr'><strong>ita</strong></span> <span class='ocrx_word' id='word_1_366' title='bbox 1545 2107 1599 2143; x_wconf 90' lang='lat' dir='ltr'><strong>ut,</strong></span> 
     </span>
     <span class='ocr_line' id='line_1_67' title="bbox 969 2145 1641 2188; baseline 0 -10"><span class='ocrx_word' id='word_1_367' title='bbox 969 2156 1077 2188; x_wconf 81' lang='lat' dir='ltr'><strong>quae</strong></span> <span class='ocrx_word' id='word_1_368' title='bbox 1102 2145 1259 2178; x_wconf 78' lang='lat' dir='ltr'><strong>habent</strong></span> <span class='ocrx_word' id='word_1_369' title='bbox 1275 2145 1437 2179; x_wconf 91' lang='lat' dir='ltr'><strong>bouum</strong></span> <span class='ocrx_word' id='word_1_370' title='bbox 1465 2149 1599 2181; x_wconf 88' lang='lat' dir='ltr'><strong>solum</strong></span> <span class='ocrx_word' id='word_1_371' title='bbox 1638 2147 1641 2178; x_wconf 67' lang='grc' dir='ltr'>ξ</span> 
     </span>
     <span class='ocr_line' id='line_1_68' title="bbox 971 2190 1639 2233; baseline 0 -8"><span class='ocrx_word' id='word_1_372' title='bbox 971 2191 1197 2233; x_wconf 80' lang='lat' dir='ltr'><strong>magisque</strong></span> <span class='ocrx_word' id='word_1_373' title='bbox 1253 2190 1432 2224; x_wconf 79' lang='lat' dir='ltr'><strong>fertilia</strong></span> <span class='ocrx_word' id='word_1_374' title='bbox 1479 2197 1599 2233; x_wconf 84' lang='lat' dir='ltr'><strong>suut,</strong></span> <span class='ocrx_word' id='word_1_375' title='bbox 1638 2195 1639 2206; x_wconf 77' lang='lat'><em>³</em></span> 
     </span>
     <span class='ocr_line' id='line_1_69' title="bbox 971 2235 1638 2285; baseline 0.001 -16"><span class='ocrx_word' id='word_1_376' title='bbox 971 2246 1099 2280; x_wconf 81' lang='lat' dir='ltr'><strong>parva</strong></span> <span class='ocrx_word' id='word_1_377' title='bbox 1126 2235 1210 2268; x_wconf 92' lang='lat' dir='ltr'><strong>sint</strong></span> <span class='ocrx_word' id='word_1_378' title='bbox 1234 2240 1297 2268; x_wconf 86' lang='lat' dir='ltr'><strong>ctr.</strong></span> <span class='ocrx_word' id='word_1_379' title='bbox 1342 2237 1392 2269; x_wconf 88' lang='lat' dir='ltr'><strong>De</strong></span> <span class='ocrx_word' id='word_1_380' title='bbox 1417 2236 1478 2270; x_wconf 82' lang='lat' dir='ltr'><strong>hac</strong></span> <span class='ocrx_word' id='word_1_381' title='bbox 1502 2247 1601 2280; x_wconf 79' lang='lat' dir='ltr'><strong>agro·</strong></span> <span class='ocrx_word' id='word_1_382' title='bbox 1635 2262 1638 2285; x_wconf 74' lang='lat'><em>1</em></span> 
     </span>
     <span class='ocr_line' id='line_1_70' title="bbox 970 2279 1600 2316; baseline 0.003 -2"><span class='ocrx_word' id='word_1_383' title='bbox 970 2291 1043 2314; x_wconf 89' lang='lat' dir='ltr'><strong>rum</strong></span> <span class='ocrx_word' id='word_1_384' title='bbox 1071 2279 1235 2312; x_wconf 85' lang='lat' dir='ltr'><strong>divisione</strong></span> <span class='ocrx_word' id='word_1_385' title='bbox 1260 2290 1290 2311; x_wconf 85' lang='lat' dir='ltr'><strong>v.</strong></span> <span class='ocrx_word' id='word_1_386' title='bbox 1319 2282 1498 2314; x_wconf 84' lang='lat' dir='ltr'><strong>Aristot.</strong></span> <span class='ocrx_word' id='word_1_387' title='bbox 1531 2283 1600 2316; x_wconf 83' lang='lat' dir='ltr'><strong>Po-</strong></span> 
     </span>
     <span class='ocr_line' id='line_1_71' title="bbox 971 2325 1451 2368; baseline -0.002 -8"><span class='ocrx_word' id='word_1_388' title='bbox 971 2326 1034 2361; x_wconf 89' lang='lat' dir='ltr'><strong>lit.</strong></span> <span class='ocrx_word' id='word_1_389' title='bbox 1064 2325 1133 2358; x_wconf 86' lang='lat' dir='ltr'><strong>Vll.</strong></span> <span class='ocrx_word' id='word_1_390' title='bbox 1159 2325 1192 2359; x_wconf 98' lang='grc'><strong>9</strong></span> <span class='ocrx_word' id='word_1_391' title='bbox 1218 2325 1303 2365; x_wconf 89' lang='grc'>(10).</span> <span class='ocrx_word' id='word_1_392' title='bbox 1331 2326 1351 2360; x_wconf 83' lang='grc'><strong>7</strong></span> <span class='ocrx_word' id='word_1_393' title='bbox 1375 2336 1451 2368; x_wconf 88' lang='lat' dir='ltr'><strong>sqq.</strong></span> 
     </span>
    </p>
   </div>
   <div class='ocr_carea' id='block_1_16' title="bbox 968 2391 1635 2659">
    <p class='ocr_par' dir='ltr' id='par_1_19' title="bbox 968 2391 1635 2659">
     <span class='ocr_line' id='line_1_72' title="bbox 1039 2391 1635 2435; baseline 0.005 -12"><span class='ocrx_word' id='word_1_394' title='bbox 1039 2392 1108 2424; x_wconf 83' lang='grc' dir='ltr'><strong>καὶ</strong></span> <span class='ocrx_word' id='word_1_395' title='bbox 1164 2391 1467 2435; x_wconf 76' lang='grc' dir='ltr'><strong>ξυγκληρῶσαι</strong></span> <span class='ocrx_word' id='word_1_396' title='bbox 1522 2392 1601 2426; x_wconf 79' lang='grc' dir='ltr'><strong>δύο</strong></span> <span class='ocrx_word' id='word_1_397' title='bbox 1628 2411 1635 2435; x_wconf 56' lang='lat'>3</span> 
     </span>
     <span class='ocr_line' id='line_1_73' title="bbox 972 2435 1602 2479; baseline 0.002 -9"><span class='ocrx_word' id='word_1_398' title='bbox 972 2435 1190 2479; x_wconf 82' lang='grc' dir='ltr'><strong><em>τμήματα]</em></strong></span> <span class='ocrx_word' id='word_1_399' title='bbox 1222 2438 1346 2471; x_wconf 87' lang='lat' dir='ltr'><strong>binas</strong></span> <span class='ocrx_word' id='word_1_400' title='bbox 1378 2438 1602 2471; x_wconf 84' lang='lat' dir='ltr'><strong>sectiones</strong></span> 
     </span>
     <span class='ocr_line' id='line_1_74' title="bbox 970 2482 1628 2522; baseline -0.003 -7"><span class='ocrx_word' id='word_1_401' title='bbox 970 2483 1043 2515; x_wconf 91' lang='lat' dir='ltr'><strong>uni</strong></span> <span class='ocrx_word' id='word_1_402' title='bbox 1087 2482 1197 2514; x_wconf 86' lang='lat' dir='ltr'><strong>sorti</strong></span> <span class='ocrx_word' id='word_1_403' title='bbox 1235 2483 1497 2522; x_wconf 79' lang='lat' dir='ltr'><strong>attribuere,</strong></span> <span class='ocrx_word' id='word_1_404' title='bbox 1544 2484 1600 2515; x_wconf 87' lang='lat' dir='ltr'><strong>bi·</strong></span> <span class='ocrx_word' id='word_1_405' title='bbox 1626 2508 1628 2513; x_wconf 80' lang='grc'>,</span> 
     </span>
     <span class='ocr_line' id='line_1_75' title="bbox 971 2531 1627 2568; baseline 0 -8"><span class='ocrx_word' id='word_1_406' title='bbox 971 2537 1040 2561; x_wconf 80' lang='lat' dir='ltr'><strong>nas</strong></span> <span class='ocrx_word' id='word_1_407' title='bbox 1067 2531 1214 2568; x_wconf 77' lang='lat' dir='ltr'><strong>partes</strong></span> <span class='ocrx_word' id='word_1_408' title='bbox 1243 2537 1323 2560; x_wconf 79' lang='lat' dir='ltr'><strong>una</strong></span> <span class='ocrx_word' id='word_1_409' title='bbox 1348 2531 1469 2560; x_wconf 88' lang='lat' dir='ltr'><strong>sorte</strong></span> <span class='ocrx_word' id='word_1_410' title='bbox 1493 2538 1599 2561; x_wconf 86' lang='lat' dir='ltr'><strong>com·</strong></span> <span class='ocrx_word' id='word_1_411' title='bbox 1626 2536 1627 2541; x_wconf 60' lang='lat'>¹</span> 
     </span>
     <span class='ocr_line' id='line_1_76' title="bbox 970 2571 1599 2614; baseline 0.002 -10"><span class='ocrx_word' id='word_1_412' title='bbox 970 2572 1122 2614; x_wconf 83' lang='lat' dir='ltr'><strong>plecti,</strong></span> <span class='ocrx_word' id='word_1_413' title='bbox 1163 2571 1223 2604; x_wconf 76' lang='lat' dir='ltr'><strong>ita</strong></span> <span class='ocrx_word' id='word_1_414' title='bbox 1261 2577 1305 2605; x_wconf 89' lang='lat' dir='ltr'><strong>nt</strong></span> <span class='ocrx_word' id='word_1_415' title='bbox 1342 2575 1385 2604; x_wconf 87' lang='lat' dir='ltr'><strong>et</strong></span> <span class='ocrx_word' id='word_1_416' title='bbox 1417 2573 1599 2614; x_wconf 85' lang='lat' dir='ltr'><strong>propin-</strong></span> 
     </span>
     <span class='ocr_line' id='line_1_77' title="bbox 968 2616 1597 2659; baseline 0.002 -10"><span class='ocrx_word' id='word_1_417' title='bbox 968 2618 1038 2658; x_wconf 85' lang='lat' dir='ltr'><strong>qui</strong></span> <span class='ocrx_word' id='word_1_418' title='bbox 1072 2621 1112 2650; x_wconf 88' lang='lat' dir='ltr'><strong>et</strong></span> <span class='ocrx_word' id='word_1_419' title='bbox 1146 2618 1293 2659; x_wconf 85' lang='lat' dir='ltr'><strong>procul</strong></span> <span class='ocrx_word' id='word_1_420' title='bbox 1328 2616 1478 2649; x_wconf 70' lang='lat' dir='ltr'><strong>dissiti</strong></span> <span class='ocrx_word' id='word_1_421' title='bbox 1508 2618 1597 2659; x_wconf 77' lang='lat' dir='ltr'><strong>sgri</strong></span> 
     </span>
    </p>
   </div>
  </div>
 </body>
</html>
