1644 2886
259 112 343 156 LX
686 108 1115 153 PROLEGOMEN
1125 113 1161 150 A

259 224 383 266 cendi
421 237 577 279 genere
617 220 829 262 abludunt
870 219 1196 274 ὲχθοδοπός
1237 220 1356 262 Libr.
1397 219 1590 274 VILp.

259 282 354 322 810.
386 279 441 321 D.
473 276 589 332 quod
620 275 1175 330 usurparuntSophocl.
1207 275 1329 317 Aiac.
1361 277 1456 318 931.
1488 274 1591 316 Phi-

259 335 360 376 loct.
397 335 515 375 1135.
574 331 766 373 Aristo
818 331 859 372 h.
884 331 1073 373 Acharn.
1104 333 1198 372 226.
1229 331 1300 372 alii
1317 331 1590 385 posteriores,

259 390 517 432 illustratum
555 402 580 428 a
618 393 723 428 vett.
809 387 1067 428 rammaticis
1105 387 1426 441 compluribus3
1464 393 1591 440 atque

260 447 469 496 ἠίθεος
497 442 618 484 Libr.
650 442 781 484 VIII.
812 457 855 497 p.
886 444 979 484 848.
1012 442 1069 483 D.
1100 442 1184 483 IX.
1215 458 1257 497 p.
1282 443 1376 484 877.
1408 442 1459 482 E.
1483 441 1591 482 XII.

260 517 301 555 p.
343 502 437 541 947.
486 498 536 540 C.
580 498 836 540 vocabulum
884 499 1187 551 Homericum,
1240 498 1366 539 etiam
1404 498 1458 538 ab
1499 497 1593 539 aliis

260 556 401 611 poetis
439 554 723 607 celebratum,
765 553 882 608 quod
918 553 1203 608 philosophus
1242 553 1349 595 scite
1399 552 1595 594 adhibuit

261 610 317 652 ad
346 609 654 666 designandam
684 609 960 665 innuptorum
998 610 1261 661 castitatem,
1303 623 1430 662 quam
1460 608 1593 664 signi-

261 667 364 708 ficat
392 667 480 707 fere
510 671 726 707 nostrum:
765 665 1107 721 Iunggesell.
1166 665 1396 718 Reliquum
1427 669 1494 705 est
1522 663 1593 705 de-

262 722 391 776 nique
421 721 680 763 adiectivum
708 738 773 776 χρ
791 722 948 770 όνιος
977 721 1097 762 Libr.
1126 721 1207 762 IX.
1238 736 1277 775 p.
1309 721 1404 761 855.
1435 719 1486 764 Β.
1516 734 1594 774 pro

262 778 552 832 πολυχρόνιος
601 777 788 832 positum
839 777 883 818 in
940 777 1104 819 verbis:
1166 779 1360 831 χρονίοις
1405 777 1594 829 δεσμοῖς.

263 833 438 876 Scilicet
476 839 669 874 mutuum
714 833 866 875 sumsit
903 832 1186 888 philosophus
1238 831 1353 873 hunc
1401 845 1526 872 usum
1572 847 1596 872 a

263 889 467 939 Pindaro,
500 888 737 944 Aeschylo,
770 889 862 930 aliis
893 889 1047 943 poetis,
1080 894 1234 944 postea
1252 889 1378 928 etiam
1399 902 1424 928 a
1444 901 1595 942 prosae

265 945 473 987 orationis
513 945 818 1000 scriptoribus,
850 944 1095 997 Aristotele,
1127 943 1452 999 Theophrasto,
1485 943 1594 996 aliis,

265 1002 470 1053 ascitum,
516 1015 565 1042 ac
603 1001 922 1055 frequentatum
961 1000 1168 1056 imprimis
1198 999 1450 1054 Aesculapii
1481 998 1595 1051 filiis,

263 1058 336 1112 qui
367 1057 494 1099 hodie
524 1071 697 1111 quoque
727 1055 804 1105 τὰς
830 1059 1011 1112 χρονίοις
1039 1055 1200 1104 νόσους
1228 1056 1316 1096 fere
1344 1055 1387 1095 in
1419 1069 1491 1096 ore
1522 1054 1597 1095 ha-

263 1114 381 1155 bent.
451 1112 723 1165 Quamquam
762 1112 833 1153 hic
879 1126 984 1154 usus
1024 1110 1250 1166 loquendi‘
1278 1110 1394 1165 apud
1446 1109 1596 1151 Xeno-

264 1168 552 1224 nophontem,
598 1167 805 1210 Oratores
848 1168 1044 1220 Atticos,
1076 1167 1199 1221 alios,
1231 1181 1443 1220 nusquam
1474 1181 1597 1220 repe-

264 1225 386 1278 ritur,
418 1223 603 1278 ideoque
641 1229 688 1264 ut
726 1224 863 1264 rarior
901 1229 1077 1264 notatus
1116 1229 1182 1265 est
1220 1223 1273 1264 ab
1311 1221 1597 1277 Hesychio
1640 1223 1644 1226 ”

265 1295 299 1322 s.
339 1296 379 1322 v,
420 1286 464 1321 et
501 1279 732 1320 Polluce
773 1279 828 1321 V.
863 1280 954 1323 150.
1011 1279 1071 1320 Et
1099 1279 1206 1321 haec
1265 1278 1409 1319 uidem
1441 1277 1493 1318 de
1524 1277 1598 1318 ad-

265 1336 433 1377 iectivis
464 1335 721 1376 nominibus.
792 1333 998 1388 Sequitur
1034 1341 1084 1375 ut
1114 1335 1168 1376 de
1210 1350 1234 1375 a
1268 1334 1424 1376 verbiis
1454 1333 1598 1374 dieen-

266 1391 367 1432 dum
408 1392 466 1432 sit
503 1397 676 1446 praeter
712 1390 931 1446 vulgarem
961 1405 1120 1432 morem
1150 1390 1319 1446 positis.
1379 1388 1597 1440 Quorsum

265 1447 482 1504 pertinent
522 1446 669 1489 ἁνατεί
708 1447 798 1487 sive
836 1446 1021 1499 ἀνατί,
1062 1446 1312 1501 impune,
1351 1445 1471 1488 Libr.
1516 1445 1596 1485 IX.

265 1518 306 1558 p.
346 1504 440 1546 871.
478 1503 530 1543 E.
571 1502 654 1543 XI.
684 1517 726 1556 p.
758 1504 852 1545 917.
886 1502 937 1543 G.
963 1505 1058 1545 935.
1089 1503 1139 1543 B.
1169 1501 1287 1556 quod
1314 1501 1599 1556 interpretan—

265 1566 335 1601 tur
375 1559 643 1600 Timaeus
676 1573 709 1600 s.
751 1575 792 1599 v.
825 1565 869 1599 et
898 1558 1320 1614 Harpocration
1352 1571 1384 1599 s.
1420 1572 1459 1597 v.
1493 1571 1599 1610 quo-

266 1630 359 1656 rum
400 1614 471 1656 hic
509 1614 660 1656 eodem
701 1614 914 1656 vocabulo
953 1615 1079 1655 etiam
1111 1615 1282 1656 Isaeum
1313 1613 1356 1653 in
1389 1612 1599 1654 Oratione

266 1670 473 1711 adversus
515 1669 827 1725 Apollodorum
866 1685 988 1712 usum
1029 1684 1124 1711 esse
1174 1675 1373 1710 testatur.
1451 1670 1598 1722 Atque

266 1726 379 1767 idem
417 1725 524 1767 illud
562 1726 936 1780 Aristophani
976 1726 1020 1766 in
1051 1725 1339 1767 Ecclesiazus.
1376 1726 1469 1766 754.
1501 1739 1599 1778 pro-

267 1781 464 1823 babiliter
490 1781 729 1822 vindicavit
758 1781 1023 1822 Valesius
1055 1780 1110 1821 ad
1139 1781 1397 1836 Harpocrat.
1429 1795 1471 1834 p.
1503 1781 1598 1820 269.

267 1837 334 1879 ed.
380 1837 502 1892 Lips.
541 1837 717 1878 Dicitur
753 1852 830 1892 pro
882 1852 933 1878 eo
976 1837 1104 1877 etiam
1140 1838 1370 1886 νηποινί
1405 1835 1474 1876 vel
1513 1851 1598 1886 νη-

267 1897 457 1935 ποινεί
486 1892 606 1935 Libr.
637 1893 719 1933 IX.
751 1907 794 1946 p.
825 1894 918 1934 874.
952 1891 1004 1946 C,
1035 1892 1151 1946 quod
1182 1893 1225 1933 in
1265 1890 1390 1933 codd.
1423 1890 1598 1944 quibus-

267 1948 364 1989 dam
404 1954 522 1989 extat
561 1948 690 1989 etiam
732 1947 847 2003 apud
884 1947 1132 2002 Xenoph.
1164 1948 1340 1990 Hieron.
1371 1946 1454 1987 111.
1486 1947 1524 1987 3.
1556 1951 1600 1986 et

266 2004 478 2058 reperitur
512 2004 556 2045 in
595 2003 799 2058 Inscript.
832 2004 1079 2058 Amphipol.
1112 2003 1269 2057 Corp.
1310 2001 1597 2056 Inscriptt.

270 2059 368 2101 Vol.
397 2059 459 2100 ΙΙ.
487 2075 529 2114 p.
561 2061 627 2101 63.
658 2074 700 2100 n.
731 2060 854 2100 2008.
884 2059 951 2100 ed.
983 2059 1174 2101 Boeckh.
1204 2058 1278 2100 ubi
1307 2062 1372 2099 est
1401 2060 1598 2108 νηποινεὶ

267 2114 497 2157 τεθνάναι.
564 2114 739 2170 Quippe
779 2121 1008 2170 utrumque
1039 2115 1163 2157 facile
1193 2119 1311 2168 patet
1339 2127 1391 2153 ex
1421 2112 1598 2166 antiquo

267 2170 409 2226 legum
440 2184 522 2211 usu
553 2185 578 2210 a
604 2170 785 2211 Platone
816 2176 1052 2212 assumtum
1080 2185 1198 2223 esse,
1236 2174 1285 2210 ut
1312 2168 1418 2210 nihil
1448 2168 1598 2209 mirum

269 2226 341 2279 sit,
372 2225 489 2279 quod
518 2225 561 2266 in
590 2226 688 2266 unis
720 2226 914 2281 Legibus
943 2226 1059 2282 apud
1087 2241 1181 2267 eum
1212 2225 1497 2279 perscriptum
1528 2237 1599 2264 ex—

269 2289 346 2322 tat.
404 2280 496 2322 Iam
533 2296 635 2322 vero
673 2281 800 2322 etiam
838 2282 995 2335 verba,
1034 2296 1143 2335 quae
1183 2280 1429 2336 angustiore
1468 2293 1598 2320 sensu

269 2336 493 2389 dicuntur,
534 2336 625 2378 sive
654 2335 853 2390 ῥήματα,
893 2343 1115 2393 spectasse
1150 2336 1317 2377 iuvabit
1344 2335 1599 2376 insolentius

270 2393 314 2434 in
344 2392 513 2448 Legum
549 2391 670 2434 libris
707 2398 928 2447 usurpata.
990 2393 1183 2434 Pertinet
1210 2391 1294 2432 huc
1326 2397 1426 2432 ante
1457 2390 1600 2431 omnia

270 2447 543 2502 ἀθύρειν,
575 2447 853 2500 exultare,
889 2446 1101 2500 ludere,
1133 2445 1446 2502 tripudiare
1477 2445 1597 2486 Libr.

270 2503 374 2545 VII.
405 2519 448 2558 p.
488 2505 582 2545 796.
621 2503 671 2545 B.
703 2504 839 2558 Atqui
868 2518 990 2545 usum
1022 2503 1147 2544 huius
1178 2502 1297 2543 verbi
1324 2502 1598 2557 praeiverunt
1642 2542 1644 2558 J

269 2558 526 2615 philosopho
563 2564 743 2615 poetae,
786 2559 1024 2612 Homerus,
1064 2558 1307 2610 Pindarus,
1350 2556 1594 2611 Euripides,
1641 2590 1642 2599 ,

269 2629 395 2667 quem
424 2620 576 2669 postea
601 2628 678 2656 nec
710 2615 960 2670 refugerunt
990 2614 1222 2668 scriptores
1252 2613 1488 2668 pedestres,
1517 2612 1597 2653 fre·
1640 2613 1642 2659 ξ
