1644 2886
271 93 352 134 390
758 93 1125 137 PLATONIS

268 206 344 256 λος
385 208 493 261 ἔχειν
532 205 585 247 τά
623 221 668 258 γε
716 209 914 256 παιδείας
958 207 1244 264 μαθημάτων
1286 213 1379 262 πέρι
1425 210 1601 266 νόμιμα.

271 272 385 325 Περὶ
419 271 463 314 δὲ
505 268 652 325 θήρας
685 269 886 322 ώςαύτως
920 275 1224 326 διανοηθῆναι
1255 273 1354 329 χρή,
1399 278 1472 319 καὶ
1507 281 1603 332 περὶ

269 334 482 377 ἁπάντων
527 333 672 378 ὁπόσα
719 339 920 381 τοιαῦτα.
964 339 1199 381 κινδυνεύει
1242 339 1327 394 γὰρ
1375 339 1427 392 δὴ
1469 357 1601 396 νομο-

271 403 383 459 θέτῃ
407 398 457 444 τὸ
492 401 874 458 προςταττόμενον
909 406 977 446 ἐπὶ
1011 406 1158 459 μεῖζον
1193 404 1303 447 εἶναι
1326 407 1405 447 τοῦ
1441 405 1604 460 νόμους

270 467 413 508 θέντα
459 465 779 522 ἀπηλλάχθαι,
823 472 972 524 ἕτερον
1007 472 1050 512 δέ
1085 486 1125 512 τι
1166 467 1275 524 πρὸς
1317 478 1409 520 τοῖς
1454 470 1605 526 νόμοις

272 530 383 573 εἶναι
424 531 584 586 μεταξύ
631 549 671 574 τι
715 533 1022 586 νουθετήσεώς
1069 552 1111 578 τε
1159 535 1351 592 πεφυκὸς
1394 534 1488 590 ἅμα
1532 542 1604 580 καὶ

270 595 438 651 νόμων,
473 595 497 640 ὂ
533 596 586 650 δὴ
624 597 830 649 πολλάκις
866 598 987 654 ἡμῶν
1031 604 1274 655 ἐμπέπτωκε
1311 610 1401 651 τοῖς
1446 601 1603 656 λόγοις,

271 661 368 706 οἷον
401 667 497 717 περὶ
525 662 607 716 τὴν
642 666 727 706 τῶν
764 665 936 723 σφόδρα
974 670 1079 708 νέων
1113 669 1280 709 παίδων
1314 667 1510 723 τροφήν·
1551 667 1602 710 οὐ

271 726 357 786 γὰρ
390 726 503 786 ῥητά
538 746 683 787 φαμεν
718 729 850 780 εἶναι,
893 734 1086 785 λέγοντές
1125 749 1166 774 τε
1202 731 1316 774 αὐτὰ
1354 731 1413 781 ὡς
1447 730 1606 788 νόμους

271 794 448 838 οἴεσθαι
497 798 753 849 τιθεμένους
799 796 908 838 εἶναι
944 800 1107 849 πολλῆς
1147 797 1304 847 ἀνοίας
1339 805 1492 852 γέμειν.
1537 816 1602 852 γε·

363 946 406 979 ια’
436 957 478 987 γε
510 946 706 979 παιδείας
729 949 778 989 μ.]
809 948 972 990 Plerique
996 949 1074 980 libri
1101 958 1176 981 cum
1203 950 1246 980 A.
1278 947 1315 980 Ω.
1344 949 1380 982 Ξ.
1407 959 1439 980 τε
1462 959 1525 990 pro
1554 960 1601 990 γε.

272 1002 462 1035 perperam.

362 1037 435 1069 τοῦ
465 1034 623 1075 νόμους
654 1037 804 1080 θέντα]
832 1036 912 1069 τοὺς
940 1034 979 1070 Ω.
1008 1037 1045 1071 Ξ.
1073 1048 1102 1068 ν.
1129 1037 1153 1068 f.
1179 1047 1204 1068 r.
1231 1047 1260 1069 a.
1287 1048 1315 1068 e.
1343 1035 1370 1068 δ.
1397 1048 1427 1068 o.
1452 1048 1485 1069 x.
1533 1038 1603 1069 Pro

272 1080 480 1124 ἀπηλλάχθαι
506 1081 600 1114 Flor.
626 1083 659 1114 d.
686 1079 968 1119 ἀπαλλάττεσθαι,
994 1083 1055 1114 sed
1081 1083 1115 1114 in
1140 1092 1248 1123 marg.
1275 1078 1496 1124 ἀπηλλάχθαι.

361 1129 403 1160 Ε.
453 1127 608 1170 πολλῆς
638 1125 789 1161 ἀνοίας
818 1127 986 1170 γέμειν]
1029 1128 1097 1159 Pro
1131 1128 1224 1168 vulg.
1259 1138 1296 1168 γε
1327 1124 1394 1169 μὴν
1424 1129 1489 1160 soli
1510 1127 1602 1159 'Vat.

273 1175 295 1207 f.
327 1178 361 1204 et
387 1175 428 1204 ‘in
452 1182 568 1214 Nmarg.
606 1170 644 1205 Ω.
671 1184 704 1205 a.
730 1185 757 1205 c.
783 1172 811 1205 δ.
838 1184 867 1205 ο.
901 1173 1022 1215 γέμειν.
1079 1173 1267 1205 Praeterea
1306 1172 1395 1214 γέμει
1425 1174 1459 1205 in
1494 1183 1602 1215 marg.

276 1219 378 1251 Voss.
404 1227 439 1251 x.
463 1218 516 1250 De
540 1223 615 1250 toto
642 1219 719 1251 loco
746 1230 775 1250 v.
800 1219 902 1251 infra.

364 1259 417 1294 ὥς
440 1262 533 1305 ἄρα,
559 1261 605 1294 ὀέ
628 1260 676 1295 ἂν
701 1267 788 1295 τοῖς
814 1264 890 1296 τοῦ
915 1262 980 1303 -]
1008 1262 1316 1294 Winckelmannus
1343 1263 1432 1292 coni.
1458 1257 1504 1292 ὥς
1528 1258 1604 1301 ἄρα,

274 1307 314 1341 ὃς
338 1305 380 1340 ἄν
406 1326 445 1332 -
472 1307 531 1340 τὸν
556 1308 646 1350 βίον,
670 1306 858 1350 ἀκρότατος
884 1310 937 1341 vel
961 1304 1152 1348 ἀκροτάτου
1176 1305 1288 1339 ὄντος.
1334 1306 1414 1338 Non
1441 1317 1544 1347 opus;
1572 1317 1601 1337 v.

219 1352 222 1357 ’
273 1355 450 1395 explicatt.

274 1465 434 1497 Ceterum
478 1466 521 1496 de
573 1462 744 1495 ἐνταυθοῖ
785 1475 813 1497 v.
860 1465 905 1496 ad

276 1510 410 1542 Phileb.
437 1520 470 1551 p.
497 1509 551 1543 15.
579 1511 621 1542 A.

308 1576 403 1618 Cap.
429 1576 577 1607 XXVU.
630 1575 674 1607 D.
726 1573 830 1616 Περὲ
862 1574 906 1606 δὲ

271 1622 299 1652 θ’
313 1620 388 1663 η’ρα
399 1629 423 1652 ff
438 1620 496 1662 —-]
544 1621 659 1652 Etiam
685 1622 904 1653 venationem

271 1669 364 1699 inter
388 1676 446 1698 eas
469 1670 561 1698 artes
580 1670 754 1702 numerat,
780 1667 904 1707 quibus

274 1713 438 1744 iuvenilis
465 1717 561 1743 aetas
586 1711 750 1750 fingenda
775 1716 808 1743 et
822 1715 903 1743 cori-

273 1758 458 1789 formanda
484 1757 538 1787 sit.
595 1756 630 1787 in
655 1766 723 1797 quo
749 1757 904 1797 philoso-

272 1803 361 1844 phus
395 1802 621 1833 Doriensium
655 1802 817 1834 instituta
854 1812 905 1834 se-

273 1852 399 1889 quutus
433 1857 508 1878 esse
544 1847 654 1877 videri
691 1852 824 1887 potest,
863 1848 906 1878 de

274 1893 400 1934 quibus
439 1904 469 1922 v.
511 1891 744 1924 Mansonis
789 1892 903 1933 Spart.

274 1938 349 1970 Vol.
378 1939 400 1969 Ι.
429 1938 466 1968 P.
489 1937 516 1968 1.
543 1948 575 1978 p.
602 1937 677 1970 152.
708 1938 905 1978 Xenoph.

273 1984 327 2015 De
355 1983 438 2014 Ven.
468 1982 491 2013 Ι.
524 1986 557 2012 et
590 1983 638 2014 De
670 1993 742 2023 rep.
778 1983 903 2015 Laced.

275 2029 329 2060 Ν.
358 2029 389 2062 7.
429 2027 614 2068 Oppian.
651 2027 781 2068 Cyneg.
809 2028 837 2060 1.
871 2039 901 2060 v.

273 2074 340 2108 ΠΟ
369 2084 443 2115 sqq.
473 2072 564 2104 conf.
599 2071 739 2104 Cicer?
770 2073 824 2104 De
859 2072 902 2107 N,

272 2120 316 2151 D.
346 2119 384 2151 ΙΙ.
409 2117 463 2152 64.
487 2118 603 2159 ibique
628 2118 749 2150 Davis.
778 2117 901 2159 p.475.

272 2166 324 2196 ed.
353 2163 475 2195 Creuz.

318 2227 566 2262 κινδυνεύει
606 2226 682 2270 γὰρ
711 2247 747 2251 π
775 2225 900 2270 ἀπηλ,

273 2274 443 2316 λάχθαι]
487 2275 660 2306 videtur
697 2276 803 2305 enim
839 2274 900 2313 id,

273 2321 383 2362 quod
407 2320 650 2352 mandatum
676 2323 743 2350 est
773 2318 899 2360 legis-

271 2365 504 2404 latori5-ad
530 2366 666 2397 maius
699 2364 900 2405 quiddam

272 2415 472 2451 spectare
496 2421 522 2441 s.
540 2411 674 2441 maius
700 2410 898 2450 quiddam

270 2467 384 2495 esse,
417 2465 539 2496 quam
570 2459 614 2486 ut
645 2456 812 2494 legibus
846 2455 897 2486 ia-

270 2502 325 2533 tis
351 2502 566 2533 continuo
592 2500 651 2531 sit
668 2500 898 2531 absolutus

270 2556 438 2587 suoque
483 2554 652 2577 munere
700 2545 896 2576 functus.

268 2593 319 2624 De
335 2590 387 2622 ἐπὶ
412 2591 523 2630 μεῖζον
549 2602 578 2620 v.
605 2590 826 2621 Sehaefer.
853 2591 894 2621 ad

270 2637 387 2669 Lamb.
412 2636 493 2668 Bos.
512 2646 544 2677 p.
564 2635 640 2670 552.
669 2635 893 2667 Heindorf.

970 1463 1016 1495 ad
1051 1462 1182 1494 Phaed.
1218 1472 1251 1503 p.
1285 1461 1339 1495 93.
1379 1461 1420 1493 B.
1459 1461 1606 1494 Frustra

973 1508 1121 1549 Steph.
1146 1507 1343 1548 corrigebat
1367 1506 1462 1538 ἰέναι.

1017 1550 1171 1584 Ε.οἶοι’
1195 1553 1290 1593 περὶ
1315 1549 1384 1593 τὴν
1408 1552 1478 1583 τῶν
1502 1550 1603 1592 σφό-

973 1595 1604 1639 δρα-τροφήν·]νε1-ιιῐίᾳιτιιτιι

973 1644 1300 1683 disputaremus
1326 1642 1374 1674 de
1399 1643 1603 1682 parvulo-

973 1698 1063 1720 rum
1107 1688 1387 1719 educatione.
1462 1687 1605 1727 Respice

971 1742 1099 1808 qusesig)
1127 1743 1160 1774 p.
1174 1732 1402 1767 788.A-c.
1427 1736 1461 1763 et
1481 1742 1514 1772 p.
1528 1731 1607 1766 793.

1020 1819 1070 1854 οὐ
1096 1819 1172 1863 γὰρ
1199 1818 1300 1863 ῥητά
1325 1831 1460 1861 φαμεν
1493 1817 1603 1852 εἶναι

973 1884 1012 1890 -
1047 1866 1209 1909 γέμειν.]
1250 1866 1353 1907 Vere,
1389 1867 1532 1907 opinor,
1563 1866 1603 1898 C.

972 1912 1034 1944 Fr.
1071 1913 1343 1944 Hermannus
1375 1912 1429 1942 De
1455 1913 1603 1952 vestigg.

972 1967 1005 1997 p.
1028 1957 1081 1992 17.
1111 1958 1134 1989 Ι.
1163 1953 1293 1999 ἄρ’ῥητα
1314 1958 1497 1997 legendum
1523 1967 1601 1988 con-

970 2003 1071 2043 iecit,
1116 2013 1185 2043 quo
1228 2007 1392 2034 revocato
1424 2002 1605 2042 aptissima

970 2049 1116 2088 emergit
1155 2048 1328 2079 sententia
1368 2047 1474 2078 haee:
1520 2056 1602 2077 non

971 2095 1079 2125 enim
1103 2102 1328 2124 censemus
1353 2102 1400 2122 ea
1433 2092 1605 2124 indicta

970 2148 1065 2170 esse
1097 2142 1310 2178 oportere
1340 2146 1367 2168 s.
1405 2147 1451 2168 ea
1475 2138 1601 2168 silen-

970 2184 1031 2215 tio
1067 2183 1314 2215 transmitti
1345 2182 1526 2221 debere,
1557 2192 1602 2212 ac

970 2229 1174 2261 dicentes
1210 2238 1287 2260 nos
1324 2227 1441 2258 credi
1477 2236 1601 2268 opor—

968 2278 1061 2306 tere
1085 2284 1130 2305 ea
1154 2278 1374 2314 tamquam
1399 2272 1522 2311 leges
1540 2282 1598 2302 es-

967 2329 1012 2350 se
1031 2319 1174 2360 posita
1194 2318 1330 2349 multa
1352 2317 1602 2348 temeritate

967 2365 1234 2396 arbitramur
1258 2363 1460 2402 repletos
1493 2372 1601 2393 esse.

969 2409 1006 2440 id
1037 2411 1150 2450 ipsum
1190 2407 1323 2438 scilicet
1354 2407 1455 2438 Plato
1499 2407 1601 2439 etiam

967 2455 1002 2486 in
1035 2453 1271 2494 superioribus
1307 2462 1339 2491 p.
1377 2451 1454 2486 788.
1494 2453 1537 2483 A.
1569 2455 1603 2484 et

967 2499 1043 2533 793.
1078 2498 1116 2529 Β.
1152 2497 1280 2528 diserte
1318 2498 1497 2537 professus
1537 2501 1602 2535 est,

967 2545 1023 2576 ubi
1046 2545 1158 2582 docet,
1184 2543 1269 2574 talia
1294 2552 1356 2574 nec
1382 2552 1443 2583 pro
1468 2541 1601 2582 legibus

964 2599 1039 2621 esse
1081 2588 1290 2620 venditanda
1333 2597 1396 2618 nec
1440 2590 1600 2618 temere

965 2633 1288 2674 praetereunda
1316 2632 1508 2671 silentio,
1524 2641 1598 2663 rur-
