1644 2886
256 117 334 157 3³4
734 90 1119 159 PLAToNIs

257 232 304 274 τὸ
342 235 386 274 δὲ
431 235 540 274 ἔοικε
576 232 667 272 πᾶν
714 229 875 274 τούτου
918 229 1180 274 τούναντίον
1228 230 1485 285 γιγνόμενον
1521 232 1594 287 ὀρ-

259 300 356 347 θῶς
389 295 447 339 ἂν
480 298 728 350 γίγνεσθαι.

358 380 455 421 ΚΛ.

359 461 455 503 ΛΘ.
530 459 799 515 [Ιαροὲὁοξον
833 462 912 515 μὲν
950 459 999 503 τὸ
1052 457 1287 515 λεγόμενον
1322 463 1390 502 καὶ
1427 457 1507 502 οὐκ
1541 457 1598 501 ἂν

258 525 522 582 πρεσβύταις
558 543 622 575 τις
659 529 839 578 οἰηθείη
874 531 1051 582 πρέπειν
1090 526 1208 568 τόδε·
1248 523 1422 568 ἐπειδάν
1459 528 1522 575 τίς
1562 541 1597 566 τι

257 589 394 635 καλόν
430 608 474 634 τε
509 593 649 652 οἰηθῇ
686 594 758 634 καὶ
791 591 965 643 ἀληθὲς
998 589 1198 647 μα’θημα
1235 589 1342 633 εἶναι
1370 593 1438 632 καὶ
1475 590 1597 633 πόλει.

255 658 477 716 ξυμφέρον
512 660 583 700 καὶ
622 658 680 711 τῷ
719 659 813 711 θεῷ
861 656 1122 700 παντάπασι
1157 657 1310 714 φίλον,
1361 656 1503 699 οὐδενὶ
1543 654 1594 707 δὴ

532 379 638 428 Πῶς
673 377 810 428 εἶπες;

260 721 406 780 τρόπῳ
443 721 785 770 §vvurtin-{atus
821 727 877 765 ἔτι
913 722 971 778 μὴ
1009 722 1206 780 φράζειν.

362 807 461 847 ΚΛ.

537 803 697 847 Εἰκότα
733 806 884 858 λέγεις·
923 801 1023 847 ἀλλ’
1065 801 1241 858 ἄστρων
1269 808 1362 857 πέρι
1397 802 1593 856 μάθημα

259 875 301 914 τί
336 872 545 914 τοιοῦτον
579 869 905 925 ἀνευρήσομενς

356 954 455 995 ΛΘ.
510 945 570 994 Ὠ
605 950 800 1005 ἀγαθοί,
844 949 1226 1009 καταψευδόμεθα
1261 950 1365 998 νῦν,
1400 946 1458 998 ὡς
1491 953 1595 996 ἔπος

258 1023 391 1062 εἰπεῖν
403 1051 412 1068 ,

258 1083 353 1140 ἅμα
390 1085 461 1126 καὶ
495 1081 709 1135 Σελήνης.

350 1236 389 1270 P.
415 1236 494 1270 821.

261 1282 352 1314 Ven.
379 1282 415 1314 Ξ.

447 1016 660 1070 ”Ελληνες
714 1016 876 1067 πάντες
920 1017 1117 1072 μεγάλων
1165 1016 1309 1061 θεῶν,

1351 1012 1506 1057 “Ηλίου
1551 1030 1594 1056 τε

543 1237 583 1268 B.
631 1233 770 1269 Ἡλίου
804 1245 840 1266 te
871 1232 949 1273 ἅμα
975 1234 1038 1276 ——J
1076 1236 1194 1276 Vulgo
1227 1230 1372 1268 Ἠελίου,
1411 1237 1448 1262 ut
1478 1236 1530 1262 est
1560 1232 1594 1262 iu

355 1326 408 1358 Τὸ
436 1327 560 1359 πὀῖον
589 1325 634 1367 δὴ
668 1325 865 1365 ψεῦδοςὴὶ
895 1324 964 1356 Sic.
991 1325 1032 1358 A.
1060 1330 1094 1358 et
1117 1335 1167 1366 pr.
1200 1322 1238 1355 Ω.
1265 1335 1341 1356 oum
1366 1332 1473 1363 marg.
1498 1322 1594 1353 Flor.

262 1439 405 1480 ρελθεῖν.
447 1438 560 1472 Aloib.
601 1439 630 1469 Ι.
661 1448 694 1479 p.

260 1485 344 1517 Alia
376 1485 412 1516 id
442 1493 552 1524 genus
583 1484 628 1515 ad
660 1483 892 1523 Protagoram

261 1531 282 1560 l.
309 1540 336 1561 c.
363 1530 611 1570 congessimus.

308 1593 351 1626 τὸ
377 1593 421 1626 δὲ
445 1595 560 1626 ἔοικε
585 1596 666 1626 πᾶν
688 1594 746 1634 -]
769 1603 891 1634 quum

262 1647 401 1673 tamen
438 1640 568 1682 plane
611 1640 891 1681 contrarium,

261 1686 302 1718 si
326 1686 430 1725 fiat,
462 1690 583 1717 reete
615 1685 714 1716 fieri
748 1684 892 1715 videa-

261 1736 342 1765 tur.
373 1731 428 1762 De
463 1728 498 1762 τὸ
528 1728 564 1761 δὲ
587 1741 619 1763 v.
655 1730 699 1761 ad
725 1727 833 1770 Gorg.
856 1738 889 1769 p.

259 1775 342 1810 464.
360 1776 402 1807 A.
427 1775 571 1816 Protag.
592 1786 627 1816 p.
642 1773 720 1808 344.
737 1773 778 1806 E.
802 1774 896 1805 Male

260 1822 348 1854 haee
383 1821 554 1853 intellexit
584 1822 758 1859 Astius,
797 1819 895 1851 cuius

262 1868 468 1899 sententiam
494 1862 622 1898 referre
646 1866 753 1908 piget.

307 1933 487 1967 ἐπειδάν
526 1934 587 1965 τίς
622 1944 655 1964 τι
691 1929 823 1963 καλόν
859 1941 897 1962 τε

263 1980 418 2022 οἰηθῇ]
447 1980 587 2012 Mireris
615 1978 789 2010 Astium
821 1986 896 2008 eor-

262 2027 431 2067 rigentem
463 2026 568 2066 idque
602 2024 895 2076 Hermannum

261 2073 367 2104 etiam
407 2072 630 2113 probantem:
672 2067 742 2100 ἐπει
783 2065 817 2098 δ’
855 2063 895 2098 ἄν

264 2119 311 2148 τίς
336 2127 364 2147 ιι
389 2127 417 2148 κ.
446 2127 471 2147 τ.
498 2116 525 2147 λ.
554 2115 647 2155 quod
683 2113 765 2145 ferri
798 2112 894 2144 nullo

261 2161 366 2193 modo
381 2165 507 2202 potest.
533 2161 646 2190 Aliter
664 2160 741 2191 loeo
756 2168 895 2189 succur-

262 2207 307 2238 rit
323 2205 633 2244 Schneiderus,
655 2205 714 2245 qui
737 2204 893 2244 scripsit:

263 2250 419 2293 πρέπειν
456 2248 491 2282 τὸ
518 2248 554 2280 δὲ
579 2248 630 2281 ἐπ.
681 2248 755 2280 Nec
779 2253 894 2280 tamen

262 2307 350 2338 opus
364 2301 416 2328 est
427 2296 632 2347 mutatione,
646 2294 750 2326 modo
764 2303 897 2325 comma

263 2344 368 2383 vulgo
391 2346 470 2383 post
495 2330 675 2382 λεγομενον
699 2340 895 2379 importune

262 2390 434 2419 intrusum
474 2386 654 2418 n'obiacum
702 2384 894 2416 sustuleris.

263 2432 461 2464 Cohaerent
491 2432 580 2463 enim
612 2434 705 2462 arcte
731 2426 769 2460 τὸ
800 2426 895 2470 λεγό-

262 2488 365 2517 μενον
391 2474 482 2513 τόδε,
514 2477 563 2508 ita
589 2481 625 2506 ut
656 2472 733 2506 τόδε
757 2484 827 2506 non
852 2474 896 2506 ad

263 2523 516 2560 antecedentia,
551 2521 611 2552 sed
645 2530 739 2552 more
765 2521 894 2552 usitato

262 2568 308 2599 ad
354 2568 514 2608 proxima
569 2559 789 2598 referendum
837 2565 892 2596 sit.

262 2613 418 2644 Mirum
435 2612 615 2653 quidem,
633 2611 756 2650 inquit,
779 2610 894 2642 istud

264 2667 356 2688 esse
381 2667 455 2689 nee
486 2666 609 2688 senes
640 2656 795 2686 ‹le-nare
820 2655 892 2686 ali-

733 1437 809 1471 107.
847 1436 891 1467 A.
915 1419 917 1421 ’

961 1436 1063 1476 quis
1097 1434 1340 1476 putaverit,
1377 1433 1594 1473 quodiam

959 1491 980 1512 a
1005 1490 1065 1512 me
1090 1481 1275 1512 dicitur=
1305 1478 1473 1519 quando
1498 1478 1595 1518 quis

960 1526 1048 1558 sibi
1092 1525 1359 1566 persuaserit
1406 1523 1595 1554 doetri-

959 1580 1050 1602 nam
1076 1570 1262 1610 aliquam
1287 1570 1475 1609 pulcram
1501 1578 1594 1599 esse

959 1617 1000 1647 e‘t
1024 1624 1162 1647 veram
1187 1619 1225 1646 et
1243 1614 1415 1646 civitati
1440 1614 1595 1644 utilem

959 1665 998 1692 et
1038 1661 1118 1691 deo
1160 1663 1349 1700 gratam,
1392 1667 1472 1689 non
1512 1658 1592 1689 iam

960 1706 1146 1746 amplius
1178 1704 1283 1736 fieri
1315 1712 1448 1744 posse
1489 1703 1592 1743 quin

962 1752 1094 1783 dicat.
1121 1749 1222 1788 Quod
1246 1758 1328 1781 vero
1349 1746 1386 1802 133
1412 1746 1594 1803 ἓεχόμξνοι·

963 1839 1155 1883 λεγόμενον,
1197 1841 1235 1872 id
1269 1839 1349 1879 noli·
1376 1848 1398 1870 a
1433 1838 1591 1881 Plutonis

963 1897 1028 1919 usu
1060 1887 1210 1918 alienum
1245 1888 1378 1926 putare.
1424 1883 1594 1924 Exempla

963 1933 1066 1964 huius
1102 1931 1263 1963 dictionis
1295 1933 1375 1960 sunt
1399 1927 1533 1960 Phileb.
1559 1939 1592 1970 p.

963 1978 1018 2012 39.
1044 1976 1085 2010 B.
1111 1975 1167 2011 46
1192 1976 1236 2008 D.
1263 1974 1316 2009 51
1338 1973 1384 2005 Ε.
1410 1974 1469 2006 ubi
1494 1974 1593 2014 plura

963 2023 998 2054 id
1033 2031 1142 2063 genus
1177 2019 1437 2061 adscripsimus.
1493 2018 1592 2051 Cete-

962 2078 1037 2099 rum
1072 2065 1132 2106 μὲν
1172 2070 1250 2107 post
1292 2062 1490 2106 παράδοξον
1523 2074 1592 2096 non

961 2113 1065 2145 habet
1090 2110 1126 2143 δέ
1150 2112 1243 2152 quod
1276 2109 1341 2150 ipsi
1373 2109 1593 2150 respondeat,

961 2162 995 2190 et
1027 2158 1137 2198 Legg.
1163 2156 1191 2187 Ι.
1226 2167 1260 2197 p.
1292 2153 1368 2188 628.
1394 2154 1439 2185 A.
1474 2158 1509 2185 et
1541 2154 1592 2185 in-

961 2203 1112 2235 numeris
1150 2202 1228 2233 aliis
1262 2200 1359 2232 locis.
1419 2198 1591 2230 Nimirum

962 2249 1126 2280 reticetur
1149 2256 1229 2288 pars
1261 2244 1452 2277 sententiae
1484 2254 1591 2285 oppo-

963 2294 1047 2333 sita,
1092 2301 1181 2334 quae
1216 2290 1325 2333 qualis
1363 2290 1426 2328 sit,
1466 2293 1592 2329 sponte

963 2339 1176 2379 intelligitur.

1009 2384 1049 2415 B.
1099 2376 1525 2418 καταψευδόμεθα
1548 2396 1591 2402 -

963 2426 1184 2469 μεγάλων
1219 2424 1370 2465 θεων]
1409 2424 1593 2456 salsedo

963 2473 1127 2515 maguis
1172 2470 1257 2502 diis
1303 2469 1590 2501 comminisci-

963 2529 1064 2551 mur.
1088 2516 1147 2548 Sic
1170 2516 1278 2556 Legg.
1306 2513 1589 2555 ln.p.700.1⁸2.

962 2563 1140 2596 Phaedon.
1245 2559 1301 2594 85.
1342 2559 1386 2591 A.
1421 2559 1497 2591 De
1494 2557 1589 2598 Rep.

963 2608 1016 2640 m.
1049 2618 1076 2639 c.
1102 2606 1135 2640 5.
1161 2571 1518 2644 31.“καῑαψεύδεσθαι
1547 2613 1589 2633 ιι-

960 2661 1020 2683 ι·ος
1044 2656 1243 2692 usurpatum
1269 2651 1448 2691 reperitur.
1489 2647 1587 2679 Side-

1021 2758 1058 2799 ἢ·
