1644 2886
262 116 461 159 XXVIII
683 116 1155 160 PROLEGOMENA

260 228 395 281 initio,
427 242 674 283 progressu,
705 227 836 280 exitU,
868 227 1004 282 deque
1023 229 1187 270 sollerti
1209 230 1469 286 singularum
1494 230 1583 272 eius

261 284 446 339 partium
484 282 769 346 descriptione
807 289 937 337 atque
967 284 1268 326 coniunctione
1295 286 1582 342 exposuimus,

261 345 375 381 certe
414 355 498 381 non
537 337 818 379 dubltandum
849 339 1041 393 videtur,
1074 341 1178 395 quin
1209 356 1458 398 compagem
1489 342 1582 383 uni-

263 395 372 437 versi
402 394 565 450 operis,
598 393 761 435 etiamsi
789 394 860 437 hic
890 402 933 436 et
961 396 1048 437 illic
1076 395 1194 438 labes
1223 397 1367 451 aliqua
1394 397 1582 451 haereat,

260 458 402 492 tamen
431 452 657 504 integram,
690 449 858 506 plenam
899 457 941 492 et
978 459 1312 505 consummatam
1353 452 1582 495 habeamus

260 506 547 561 superstitem.
615 505 738 558 Quae
767 508 981 548 sententia
1011 523 1097 549 non
1126 507 1397 550 mediocriter
1426 509 1581 551 confir-

260 568 400 603 matur
439 562 566 604 etiam
605 561 771 604 duabus
808 563 902 605 aliis
939 564 1079 606 rebus.
1139 563 1252 605 Nam
1281 564 1462 619 primum
1490 566 1583 619 qui-

261 617 357 660 dem
396 618 516 660 Libr.
557 617 591 661 I.
631 632 671 672 p.
715 620 808 659 631.
837 624 892 660 A.
923 644 976 649 —
1008 621 1102 662 632.
1133 620 1185 660 Ε.
1223 620 1412 662 universi
1443 622 1583 675 operis

261 674 369 716 ratio
407 674 530 729 quasi
566 673 715 728 primis
752 674 1020 717 lineamentis
1057 675 1272 729 descripta
1308 682 1383 718 est.
1443 675 1583 728 Quam

261 745 393 784 quum
431 729 651 771 videamus
694 729 802 772 adeo
840 731 884 772 in
921 732 1147 786 postremis
1194 732 1294 774 libri
1343 731 1583 774 duodecimi

259 786 452 841 partibus
502 801 637 840 usque
678 785 1002 842 diligentissime
1044 800 1256 830 servatam
1301 802 1420 841 esse,
1460 788 1582 830 facile

259 842 525 898 intelligitur,
555 841 658 897 quid
687 842 787 883 inde
819 841 871 884 de
904 843 1036 884 totius
1059 844 1200 899 operis
1221 843 1489 885 absolutione
1519 844 1582 885 iu-

260 898 395 940 dicari
424 897 578 940 debeat
606 898 660 952 *).
728 898 898 940 Deinde
930 913 1236 954 saepenumero
1265 899 1329 951 fit,
1361 905 1410 941 ut
1438 899 1581 955 legen-

259 961 323 996 tes
361 954 405 995 in
444 954 657 1010 prioribus
696 954 815 996 libris
858 954 912 996 ad
940 955 1200 1009 posteriores
1243 970 1293 997 ac
1323 955 1512 997 vicissim
1541 955 1583 996 in

259 1010 325 1052 his
357 1009 412 1051 ad
449 1010 546 1051 illos
586 1009 864 1066 delegentur,
915 1017 1045 1067 atque
1084 1011 1191 1053 adeo
1231 1011 1349 1052 filum
1392 1011 1582 1067 disputa-

257 1066 388 1108 tionis
419 1065 576 1108 alieubi
607 1065 853 1108 derelictum
882 1066 965 1107 alio
993 1067 1089 1109 loeo
1121 1067 1173 1109 de
1197 1066 1407 1109 industria
1438 1082 1584 1110 rursus

258 1129 498 1164 resumatur
535 1127 663 1176 atque
701 1128 948 1176 pertexatur
975 1123 1168 1164 ulterius.
1234 1123 1303 1164 Ita
1331 1123 1450 1165 Libr.
1478 1123 1581 1165 Vll.

258 1195 300 1233 p.
339 1180 433 1220 810.
472 1178 523 1218 Β.
552 1193 614 1232 sq.
654 1184 906 1233 repetuntur
943 1193 1052 1233 quae
1094 1179 1214 1221 Libr.
1245 1179 1304 1221 II.
1336 1194 1374 1232 p.
1405 1180 1500 1219 670.
1530 1182 1583 1220 A.

258 1235 310 1276 Β.
352 1234 405 1275 de
442 1234 573 1275 choro
619 1234 882 1290 Dionysiaeo
910 1233 1130 1289 disputata
1167 1241 1290 1285 sunt3
1331 1235 1448 1276 Libr.
1479 1234 1582 1275 VII.

258 1307 300 1346 p.
341 1292 434 1332 803.
477 1289 527 1333 C.
570 1291 823 1331 remittimur
862 1289 916 1331 ad
956 1290 1074 1332 Libr.
1117 1291 1152 1332 I.
1192 1308 1231 1347 p.
1263 1292 1359 1333 643.
1400 1291 1456 1331 D.
1488 1305 1582 1344 sqq.

257 1346 331 1388 ubi
372 1346 425 1387 de
467 1346 708 1388 hominibus
750 1346 926 1387 deorum
969 1353 1171 1400 tanquam
1207 1346 1382 1388 ludicris
1422 1346 1583 1401 agitum

260 1403 378 1444 Libr.
410 1401 514 1444 VII.
546 1417 587 1456 p.
619 1403 712 1444 804.
745 1402 796 1444 B.
827 1401 1126 1457 significantur
1165 1418 1274 1456 quae
1315 1400 1433 1443 Libr.
1466 1401 1501 1442 I.
1542 1417 1583 1473 p.

257 1461 352 1500 644.
393 1458 448 1499 D.
488 1465 587 1499 sunt
626 1464 879 1507 memorata3
925 1458 1043 1499 Libr.
1086 1459 1214 1500 VIII.
1243 1475 1282 1514 p.
1324 1459 1417 1499 83⁴2.
1450 1458 1499 1499 B.
1532 1458 1583 1500 β.

258 1514 488 1570 respicitur
527 1514 582 1555 ad
622 1528 686 1567 ea,
719 1529 829 1568 quae
861 1514 977 1556 Libr.
1014 1514 1090 1558 1V.
1118 1530 1159 1570 p.
1192 1515 1285 1557 7122.
1319 1515 1374 1555 Ι).
1408 1528 1500 1568 sqq.
1531 1513 1582 1554 de

256 1571 386 1612 variis
430 1569 689 1625 reipublicae
736 1570 884 1612 formis
935 1576 1037 1611 sunt
1075 1572 1290 1626 exposita3
1340 1570 1461 1611 Libr.
1502 1569 1582 1610 VI.

257 1643 300 1682 p.
341 1628 434 1670 781.
475 1627 527 1668 Ε.
568 1626 821 1667 remittimur
858 1624 913 1666 ad
954 1626 1123 1667 initium
1161 1627 1259 1669 libri
1287 1626 1425 1675 tertii;
1463 1625 1580 1667 Libr.

257 1683 386 1726 VIII.
422 1699 463 1738 p.
505 1683 599 1724 8425.
632 1682 687 1724 D.
727 1682 780 1723 de
809 1682 960 1737 poenis
991 1681 1239 1738 delegamur
1268 1682 1322 1723 ad
1354 1682 1470 1723 Libr.
1502 1681 1582 1721 VI.

256 1756 298 1796 p.
340 1740 436 1781 760.
478 1741 532 1780 A.
567 1753 660 1792 sqq.
701 1738 822 1780 Libr.
853 1737 937 1779 IX.
969 1754 1008 1793 p.
1041 1740 1133 1781 857.
1166 1738 1214 1781 C.
1245 1738 1472 1793 respicitur
1502 1736 1581 1778 IV.

257 1813 298 1852 p.
340 1796 434 1836 720.
476 1797 530 1835 A.
561 1808 656 1848 sqq.
688 1794 807 1836 Libr.
837 1793 894 1834 X.
927 1809 968 1847 p.
1000 1795 1094 1836 908.
1132 1801 1367 1835 nocturnus
1398 1807 1582 1834 conven-

257 1860 325 1893 tus
356 1850 583 1893 custodum
609 1851 797 1892 civitatis
823 1850 904 1890 iam
925 1858 1198 1903 memoratur,
1222 1851 1294 1904 qui
1328 1849 1583 1903 describitur

257 1907 392 1949 multo
431 1913 533 1962 post
577 1906 691 1949 [Jibr.
734 1905 843 1947 XII.
891 1913 1025 1958 extu,
1086 1907 1186 1947 item
1237 1906 1355 1947 Libr.
1411 1904 1490 1945 VI.
1525 1920 1581 1958 p.

259 1965 351 2005 768.
393 1961 442 2004 Ο.
482 1963 790 2016 promittuntur
827 1962 944 2025 leges
991 1961 1264 2015 iudiciariae,
1306 1976 1414 2016 quae
1462 1960 1580 2001 Libr.

257 2019 363 2063 XII.
394 2034 437 2073 p.
468 2020 564 2059 956.
596 2019 763 2060 demum
796 2017 1069 2065 exhibentur3
1100 2033 1150 2060 ac
1175 2018 1291 2060 Libr.
1322 2017 1366 2058 11
1413 2031 1454 2070 p.
1488 2017 1580 2057 673.

257 2076 311 2117 D.
352 2074 600 2131 delegamur
640 2074 693 2116 ad
735 2074 854 2116 Libr.
893 2073 997 2114 VII.
1040 2089 1079 2128 p.
1104 2075 1213 2118 ³196.
1252 2073 1304 2114 D.
1336 2086 1430 2126 sqq.
1462 2071 1580 2113 Libr.

349 2242 379 2283 ¹⁸)
404 2243 507 2274 Errat
533 2241 774 2273 Diltheiius
805 2243 825 2272 l.
863 2253 890 2275 c.
922 2253 954 2283 p.
980 2242 1034 2276 49.
1060 2241 1248 2282 desiderari
1278 2245 1402 2281 putans
1427 2241 1583 2270 instituta

393 2289 527 2326 omnia,
554 2296 641 2328 quae
673 2288 819 2327 scriptor
851 2288 897 2319 ad
921 2288 1122 2320 servandam
1147 2286 1392 2326 rempublicam
1415 2285 1579 2316 retulerit.

394 2333 482 2365 Nam
511 2337 699 2364 nocturnus
731 2334 868 2373 quidem
891 2337 1079 2365 conventus
1112 2332 1252 2362 omnino
1284 2331 1491 2363 constitutus
1520 2335 1580 2360 est..

393 2378 495 2416 Quod
531 2383 643 2409 antem
675 2379 901 2419 philosophus
937 2380 972 2410 in
1003 2380 1132 2410 incerto
1161 2377 1320 2417 reliquit,
1353 2386 1420 2417 qua
1449 2375 1581 2406 ratione.

393 2429 427 2456 et
456 2424 617 2465 quamdiu
649 2424 809 2455 custodes
834 2425 867 2455 in
899 2425 1086 2465 sapientiae
1111 2422 1235 2453 studiis
1267 2422 1397 2453 versari
1423 2421 1580 2458 debeant,

394 2474 427 2501 et
457 2479 545 2510 quae
575 2469 643 2500 alia
668 2472 746 2500 sunt
770 2469 871 2500 huius
897 2470 1047 2510 generis,
1073 2468 1232 2499 consulto
1257 2468 1291 2498 id
1317 2467 1407 2499 feeit.
1455 2465 1581 2497 Censet

391 2516 481 2547 enim
505 2515 670 2555 temporis
695 2516 966 2554 experimentum
990 2513 1192 2554 capiendum
1217 2523 1302 2544 esse.
1350 2511 1421 2543 Nec
1445 2512 1579 2542 deside-

392 2566 512 2593 rantur
543 2560 636 2600 leges
671 2560 852 2591 iudiciales
877 2561 973 2592 Libr.
1003 2559 1056 2591 VI.
1082 2568 1114 2599 p.
1149 2557 1225 2592 768.
1258 2557 1457 2598 promissae.
1507 2556 1579 2588 Eae

393 2607 483 2638 enim
507 2609 627 2637 extant
653 2605 748 2636 Libr.
765 2605 848 2636 XII.
866 2615 898 2646 p.
916 2605 993 2639 956.
1018 2604 1057 2635 B.
1079 2621 1113 2626 -
1134 2603 1212 2637 958.
1240 2602 1277 2634 O.
1311 2603 1449 2635 Erravit
1477 2601 1577 2633 etiam

395 2651 622 2684 Hermann.
650 2650 740 2682 Hist.
771 2649 896 2682 Philos.
929 2650 1015 2683 Plat.
1041 2651 1068 2682 1.
1095 2659 1126 2689 p.
1153 2648 1227 2683 708.
