1644 2886
194 113 277 155 DE
310 108 588 154 LEGIBUS
623 106 741 149 [ΑΒ.
774 105 853 148 Vl.
887 106 933 147 P.
969 105 1062 146 756.
1095 102 1159 146 St.
1314 103 1392 144 1⁶27

39 230 269 289 προβολὴν
318 244 491 272 τουτων
535 226 618 278 τὴν
663 222 808 276 αὐτην
863 223 1126 276 γίγνεσθαι
1178 219 1393 276 καθάπερ

39 300 66 352 ἡ
101 301 190 342 τῶν
227 297 486 373 στρατηγῶν
520 297 735 349 ἐγίγνετο,
767 293 1071 347 χειροτονείτω
1105 267 1150 331 δὲ
1186 284 1238 331 τὸ
1273 290 1394 331 ἱππι-

40 367 121 411 κὸν
167 363 338 413 αὐτοὺς
387 365 592 406 ἐναντίον
635 359 844 417 ὁρωντων
882 374 970 399 των
1005 358 1166 408 πεζῶν,
1210 353 1290 398 δύο
1338 357 1394 403 δέ,

41 433 106 485 οἶς
141 430 200 475 ἂν
237 434 415 482 πλείστη
446 431 698 485 χειροτονία
736 430 965 481 γίγνηται,
1013 423 1203 472 τούτους
1238 420 1397 477 ἡγεμό-

43 518 123 551 νας
159 499 271 542 εἶναι
302 496 483 540 πάντων
517 497 608 538 τῶν
642 493 933 538 ἱππευόντων.
979 488 1062 541 τὰς
1097 493 1142 533 δὲ
1176 488 1399 547 ἀμφιςβη-

43 567 188 621 τήσεις
224 567 312 609 τῶν
343 564 632 620 χειροτονιῶν
667 567 790 616 μέχρι
821 562 946 602 δυοῖν
967 556 1099 600 εἶναι·
1138 555 1190 599 τὸ
1226 559 1271 600 δὲ
1309 561 1400 611 τρί-

43 651 122 679 τον
157 632 238 677 ὲὰν
273 631 527 690 ἀμφιςβητῇ
564 646 641 679 τις,
676 627 1039 685 διαψηφίζεσθαι
1074 624 1276 675 τούτους,
1315 621 1403 676 οἷς·

46 718 125 758 περ
159 702 241 751 τῆς
268 701 546 754 χειροτονίας
582 701 744 751 μέτρον
781 693 985 742 ἑκάστοις
1024 695 1213 735 ἕκαστον
1248 707 1317 743 ην.

149 765 262 828 Cap.
303 762 356 810 V.
427 761 608 816 Βουλὴν
642 764 687 805 δὲ
723 761 836 805 εἶναι
870 762 951 814 μὲν
989 774 1236 814 τριακοντα
1273 760 1400 802 ‹imas-

49 899 79 935 h.
102 909 130 932 r.
157 908 188 931 a.
213 907 244 931 e.
270 895 299 928 ὁ.
318 906 351 928 ο.
367 905 400 928 x.
449 894 559 928 Iidem
586 894 663 927 iibri
691 903 771 926 mox
797 889 949 932 τούτοις,
975 884 1093 934 οἷς-περ
1120 892 1185 931 τῆς
1207 902 1241 932 χ.
1267 890 1402 923 Caum

51 946 180 979 erroris
204 942 400 976 manifesta.

141 986 349 1025 ἑκάστοις
373 987 554 1019 ἕκαστον
580 980 651 1027 ἧν]
678 983 737 1017 Sic
762 986 801 1017 Λ,
833 983 871 1017 Β.
899 993 930 1015 x.
957 986 992 1015 et
1016 991 1067 1025 pr.
1099 979 1138 1013 Ω.
1189 980 1300 1024 Vulgo
1325 979 1403 1014 §xd-

51 1049 138 1069 ηιων
165 1032 227 1077 ἦν,
251 1033 343 1077 quod
369 1034 480 1067 tenuit
504 1031 704 1066 Schneider.

53 1150 251 1181 criticorum
308 1145 601 1186 emendatricem,
661 1150 698 1178 ut

55 1196 204 1227 anorum
233 1191 392 1224 codicum
413 1192 606 1224 auctoritas
622 1202 697 1224 cer-

57 1246 91 1273 te
133 1249 200 1272 non
238 1238 365 1279 ubique
402 1248 484 1279 prae
522 1237 563 1269 iis
600 1248 697 1279 sper-

57 1285 169 1319 nenda
196 1284 260 1323 sit,
292 1293 380 1326 quae
406 1287 460 1317 est
484 1283 557 1316 fere
582 1284 697 1325 opinio

60 1341 199 1371 eorum,
233 1330 291 1371 qui
324 1340 403 1361 sese
433 1329 574 1371 optimis
607 1330 695 1361 scili-

59 1381 135 1416 cet,
171 1386 262 1418 quos
296 1380 440 1415 vocant,
479 1376 572 1407 libris
604 1379 700 1407 totos

60 1423 287 1464 emancipant.

106 1467 184 1506 τὰς
209 1467 249 1500 δὲ
274 1464 700 1508 ἅμφισβητήσεις-]

64 1514 108 1548 Π.
135 1524 164 1546 e.
191 1512 428 1545 dubitationes
458 1511 502 1544 de
529 1512 702 1553 suffragiis

62 1561 152 1592 duae
201 1563 332 1591 tantum
376 1558 488 1592 iocum
530 1557 702 1597 habento3

62 1606 199 1638 tertium
234 1605 264 1636 si
302 1604 360 1645 qui
412 1603 456 1636 de
487 1604 527 1636 iis
561 1608 705 1636 movent

63 1650 356 1690 controversiam,
423 1648 462 1682 ‘m
492 1650 703 1682 decernunto

63 1698 104 1737 ii,
133 1707 240 1739 penes
265 1705 354 1738 quos
379 1701 454 1728 erat
480 1696 604 1728 modus
631 1695 704 1728 suf—

66 1743 280 1784 fragationis,
299 1741 331 1773 b.
350 1751 379 1773 e.
399 1742 450 1773 ins
469 1741 704 1775 moderandae

65 1788 324 1830 suffragationis
336 1787 368 1819 in
379 1789 591 1828 singulorum
607 1798 704 1820 crea·

66 1835 174 1868 tione.
213 1834 271 1866 Sic
285 1832 370 1866 haec
394 1833 618 1875 inteiiigenda
642 1844 706 1875 pu-

67 1885 203 1923 tamus,
249 1879 284 1910 in
329 1878 451 1919 quibus
495 1879 708 1912 extricandis

70 1925 233 1958 Astins
263 1932 383 1965 parum
417 1924 564 1957 feliciter
591 1935 708 1957 versa-

69 1975 126 2004 tus
151 1975 215 2003 est.
266 1969 351 2002 Nam
376 1972 504 2011 μέτρον
517 1967 615 2007 τινός
639 1971 712 2002 ἐστί

70 2028 139 2049 τινι
163 2020 236 2048 est:
264 2024 397 2057 penes
430 2015 615 2057 aliquem
644 2020 711 2048 est

71 2062 190 2096 modi
228 2061 459 2094 statuendi
495 2065 709 2103 potestas.

71 2108 144 2141 Pro
168 2105 316 2139 ἑκάστων
338 2111 467 2145 autem,
493 2107 585 2147 quod
609 2108 712 2150 vulgo

73 2154 306 2194 scribebatur,
334 2156 431 2185 recte
456 2153 558 2187 codd.
583 2163 711 2195 suppe-

74 2199 225 2233 ditarunt
274 2197 434 2239 ἕκαστον,
492 2199 585 2241 quod
637 2198 711 2232 sere

74 2244 164 2278 idem
196 2249 250 2277 est
275 2248 377 2285 atque
408 2243 587 2279 ἓκᾶοτοτετ
621 2245 714 2277 wei-

76 2290 154 2324 cbe
178 2289 393 2323 iedesmai
419 2291 490 2323 fiir
515 2290 715 2333 ieglichs

78 2335 147 2369 die
193 2335 222 2367 L
242 2336 347 2369 eitu
366 2346 385 2369 u
402 2347 424 2379 g
472 2336 548 2369 der
593 2335 714 2370 Wah!

79 2380 246 2416 hatten.

125 2426 210 2468 Cap.
244 2428 283 2460 V.
336 2426 501 2469 βουλὴν
533 2426 569 2459 δ’
605 2427 715 2459 εἶναι

82 2472 146 2515 -J
183 2472 346 2506 Senatum
386 2474 430 2505 ita
465 2474 573 2506 creari
607 2474 715 2513 iubet,

82 2522 122 2551 ut
154 2526 256 2559 quum
290 2523 452 2559 quattuor
477 2530 602 2552 census
627 2521 716 2552 clas-

83 2573 141 2596 ses
172 2563 241 2596 siut
265 2565 488 2603 constitutae

82 2618 116 2642 v.
142 2607 236 2642 libr.
265 2608 304 2641 V.
327 2619 360 2652 p.
385 2566 718 2647 744.C‘¹¹÷i:r'1¹‹li'i*d¹;⁸

85 2658 142 2687 tos
166 2654 214 2689 90
242 2664 285 2688 ex
314 2655 426 2698 primo
455 2668 563 2691 censu
589 2668 608 2690 s
637 2667 719 2689 cun-

87 2699 150 2733 ctis
174 2700 307 2733 civibus
330 2704 525 2736 necessarie
554 2704 634 2736 velit
658 2704 719 2738 eii·

765 1145 822 1186 gi;
855 1141 982 1175 deinde
1011 1139 1157 1172 totidem
1184 1149 1227 1172 ex
1254 1140 1408 1172 secundo

767 1198 874 1223 censu
908 1188 989 1219 item
1023 1197 1041 1219 a
1069 1185 1220 1227 cuncti33
1255 1189 1327 1218 tum
1365 1195 1408 1217 ex

766 1236 872 1269 tertio
900 1243 1005 1266 censu
1036 1242 1156 1264 rnrsus
1180 1211 1243 1270 96,
1274 1233 1322 1264 ita
1356 1236 1408 1263 ta-

766 1291 858 1320 men,
886 1283 922 1312 ut
946 1279 1049 1311 trium
1076 1278 1230 1320 priorum
1246 1278 1408 1310 classium

767 1331 899 1360 tantum
930 1325 1061 1358 civibus
1091 1323 1246 1365 suffragii
1278 1323 1411 1356 ferendi

766 1372 956 1406 necessitas
998 1371 1216 1413 imponatur,
1263 1375 1411 1411 quartae

765 1419 888 1451 classis
921 1417 1050 1449 civibus
1082 1416 1222 1457 impune
1256 1426 1276 1448 a
1301 1416 1412 1448 comi-

765 1466 821 1498 tiis
859 1464 983 1496 abesse
1021 1464 1140 1502 iiceat3
1179 1461 1330 1503 denique
1370 1470 1413 1494 ex

767 1515 892 1553 quarto
927 1519 1031 1542 censu
1062 1509 1145 1540 item
1172 1508 1219 1542 90
1249 1509 1284 1540 in
1311 1518 1411 1540 sena-

765 1563 837 1590 tum
867 1557 934 1599 legi
963 1557 1046 1588 velit
1073 1565 1112 1586 ea
1129 1553 1349 1594 condicione,
1377 1557 1414 1585 nt

766 1604 891 1637 tertiae
940 1602 1069 1643 pariter
1114 1603 1220 1642 atque
1266 1605 1414 1642 quartae

771 1650 893 1682 ciassis
926 1648 1039 1687 cives,
1072 1646 1100 1679 si
1138 1646 1196 1687 qui
1233 1647 1415 1686 voluerint,

772 1696 915 1737 impune
940 1694 1067 1726 abesse
1096 1692 1242 1736 possint.
1292 1692 1417 1733 ltaque

771 1741 876 1774 Plato
909 1739 1145 1782 opulentiores
1178 1738 1285 1778 cives,
1309 1739 1419 1770 muita

774 1786 973 1830 proposita,
998 1785 1115 1828 coegit
1139 1783 1290 1818 comitiis
1317 1794 1417 1816 sena-

774 1834 906 1866 toribus
942 1831 1101 1865 creandis
1137 1840 1280 1871 semper
1310 1830 1420 1862 inter-

774 1889 872 1918 esse3
915 1876 1176 1920 pauperioribus
1213 1875 1257 1907 ab
1295 1875 1418 1908 iisdem

777 1925 902 1956 abesse
946 1922 1138 1959 concessit,
1178 1921 1240 1953 bac
1278 1921 1419 1962 quidem

778 1971 877 2010 iege,
919 1973 957 2000 nt
993 1971 1138 2009 quartae
1173 1966 1296 1999 ciassis
1326 1967 1422 2007 cives

778 2017 917 2056 impune
953 2014 1079 2046 abesse
1110 2017 1276 2055 possent,
1314 2012 1343 2044 si
1377 2023 1419 2046 ex

779 2061 883 2093 tertio
924 2069 1029 2092 censu
1068 2062 1250 2091 senatores
1279 2058 1420 2091 creandi

781 2110 919 2147 essent,
957 2116 998 2138 ac
1035 2105 1186 2138 vicissim
1227 2105 1322 2137 cives
1352 2109 1422 2138 ter-

780 2152 847 2185 tiae
874 2155 908 2185 et
934 2155 1076 2194 quartae
1097 2150 1217 2182 classis
1240 2150 1425 2184 absentiae

781 2198 916 2231 veniam
974 2196 1158 2237 haberent,
1212 2196 1323 2229 sicubi
1379 2207 1424 2230 ex

782 2247 907 2286 quarto
942 2252 1047 2276 censu
1076 2242 1215 2286 legendi
1241 2246 1425 2275 senatores

782 2294 912 2323 essent.
968 2288 1072 2328 Quod
1107 2289 1302 2322 institutum
1327 2289 1424 2322 Ari·

783 2336 979 2369 stoteies
1014 2335 1149 2368 Politic.
1182 2335 1232 2371 11.
1265 2334 1299 2370 3.
1337 2339 1425 2367 extr.

783 2383 860 2414 coii.
898 2380 954 2415 tv.
993 2381 1032 2419 7,
1063 2380 1096 2415 2.
1129 2381 1192 2421 10,
1225 2380 1258 2415 6.
1297 2380 1358 2420 11,
1390 2379 1425 2415 8.

785 2427 967 2460 Platonem
1002 2427 1115 2469 arguit
1148 2437 1191 2459 ex
1216 2425 1426 2468 oiigarchico

783 2473 994 2516 reipublicae
1023 2482 1152 2514 genere
1182 2473 1216 2505 in
1251 2473 1426 2506 civitatem

785 2528 881 2552 suam
924 2519 1159 2551 transtulisse.
1205 2516 1426 2560 ὄλιγιιρχικὴν

787 2564 823 2597 δὲ
854 2567 991 2622 ποιεῖ,“
1006 2564 1136 2606 inquit,
1178 2563 1234 2595 καὶ
1269 2562 1333 2604 τὴν
1365 2566 1426 2604 τῆς

785 2610 935 2662 βουλῆς
949 2607 1089 2653 αιρεσιν.
1131 2610 1320 2652 αἱροῦνται
1363 2610 1425 2652 μὲν

786 2655 853 2699 γὰρ
887 2652 1011 2692 πάντες
1042 2653 1246 2698 ἐπάναγκες,
1276 2653 1354 2687 ἀλλ’
1390 2655 1425 2688 31

789 2705 853 2735 τοῦ
901 2699 1041 2745 πρῶτοι
1087 2700 1304 2744 τιμήματος·
1350 2699 1426 2733 εἶτα
