1644 2886
202 503 238 543 l)

281 131 360 172 226
780 130 1145 175 PLATONIS
1210 114 1212 117 ’

282 244 394 288 ἄλλα
441 245 552 299 ἁγνά
602 244 808 299 θύματα,
858 249 1030 302 σαρκῶν
1077 246 1119 289 δ’
1160 246 1392 303 ἀπείχοντο
1427 248 1484 299 ὡς
1520 250 1599 305 οὐχ

284 309 406 354 ὅσιον
451 309 503 354 ὃν
548 313 714 353 ἐσθίειν
762 311 859 353 οὐδὲ
913 312 1014 362 τοὺς
1049 314 1135 355 τῶν
1170 315 1291 355 θεῶν
1325 314 1498 368 βωμοὺς
1534 320 1598 358 αἴ-

281 393 386 430 ματι
429 379 636 430 μιαίνειν,
683 374 794 418 ἀλλὰ
842 377 1036 436 Ὀρφικοί
1079 393 1191 428 τινες
1232 381 1454 436 λεγόμενοι
1512 383 1601 434 βίοι

281 445 500 496 ἐγίγνοντο
537 441 657 497 ἡμῶν
693 451 783 492 τοῖς
819 442 926 495 τότε,
961 444 1146 504 ἀψύχων
1170 447 1249 499 μὲν
1270 445 1466 501 ἐχόμενοι
1490 446 1599 488 πάν·

283 524 394 558 των,
431 509 636 567 ἐμψύχων
672 511 715 551 δὲ
750 508 1012 553 τούναντίον
1047 510 1224 552 πάντων
1259 510 1533 567 ἀπεχόμενοι.

387 575 484 617 ΚΛ.
555 575 642 617 Καὶ
694 573 865 631 σφόδρα
903 576 1111 630 λεγόμενα
1148 574 1176 617 ἅ
1213 574 1253 629 γ’
1293 577 1483 633 εἴρηκας,
1527 582 1598 620 καὶ

279 641 563 683 πιστεύεσθαι
601 641 789 683 πιθανά.

282 773 410 819 πάντ’
451 770 627 830 ὲρῥήθη
663 773 716 815 τοι
751 774 853 825 νῦν,-

548 707 670 763 ΙΙρὸς
709 701 786 749 οὖν
822 706 873 757 δὴ
911 711 951 748 τί
987 710 1141 757 ταῦτα,
1179 710 1291 752 ε’ίποι
1312 726 1375 758 τις
1392 709 1462 758 ἄν,
1496 708 1598 764 ὑμῖν

381 840 480 881 ΚΛ.
547 839 719 895 Ὀρθῶς
752 837 984 892 ὑπέλαβες,
1019 832 1050 880 ὦ
1087 840 1186 890 ξένε.

379 906 474 948 ΑΘ.
546 906 634 947 Καὶ
670 907 828 955 τοίνυν,
863 904 941 946 ἐὰν
976 903 1181 959 δύνωμαι,
1220 904 1271 947 τά
1296 906 1468 957 τούτοις
1491 907 1594 959 ἑξῆς,

280 967 310 1015 ὦ
349 972 548 1019 Κλεινία,
585 970 844 1025 πειράσομαι
881 968 1072 1027 φράζειν.

371 1144 410 1175 Ι).
457 1142 544 1174 Καὶ
576 1142 741 1185 σφω’δρα
774 1142 988 1186 λεγόμενα
1010 1142 1035 1174 ιῗ
1057 1141 1091 1185 γ’
1117 1123 1308 1186 εἴρηκας]
1334 1144 1402 1176 Pro
1426 1143 1461 1185 γ’
1488 1146 1531 1176 A.
1559 1147 1595 1178 Ξ.

279 1190 324 1220 Ω.
353 1199 382 1220 ν.
408 1188 430 1220 f.
457 1187 486 1221 h.
512 1198 539 1220 ι’.
564 1199 594 1222 a.
619 1199 648 1221 e.
676 1189 708 1221 d.
731 1199 764 1221 o.
790 1198 867 1221 cum
895 1188 969 1221 Ald.
995 1189 1127 1222 Lovan.
1155 1188 1233 1220 Bas.
1258 1190 1290 1223 1.
1315 1188 1347 1221 τ’
1374 1190 1420 1221 ita
1444 1190 1594 1230 quidem,

281 1239 317 1266 ut
341 1234 397 1266 alii
422 1232 494 1272 ἅτ’,
520 1234 575 1266 alii
599 1232 622 1265 ἅ
644 1233 675 1265 τ’
707 1234 873 1276 scriptum
904 1234 1094 1268 exhibeant.
1141 1233 1244 1268 Quod
1276 1235 1324 1267 ita
1358 1235 1480 1276 probat
1507 1235 1594 1268 Bek-

279 1370 414 1412 quidem
439 1369 602 1402 Timaeus
631 1368 683 1401 hic
709 1367 830 1410 θύημα
855 1370 902 1400 vi-

280 1415 379 1448 detur
418 1416 449 1447 in
487 1413 587 1447 codd.
628 1415 700 1447 suis
738 1414 902 1456 scriptum

281 1461 486 1503 repperisse.

325 1508 487 1549 σαρκῶν
512 1503 543 1537 δ’
573 1503 811 1544 ἀπείχοντο
835 1506 903 1543 -]

280 1551 448 1584 Carnibus
472 1549 661 1582 animalium
679 1549 768 1590 quod
796 1553 830 1581 et
855 1550 904 1581 in-

278 1601 331 1628 ter
357 1597 474 1637 epulas
507 1600 542 1627 et
566 1595 598 1626 in
624 1594 798 1626 sacrificiis
825 1605 903 1626 sese

280 1640 520 1679 abstinuerint,
553 1639 586 1671 id
612 1638 833 1681 Orphicorum
852 1639 904 1671 ‘ait

279 1686 412 1719 vivendi
437 1685 601 1717 rationem
630 1695 670 1717 ac
694 1683 902 1726 disciplinam

278 1732 376 1773 quani
407 1729 572 1772 quandam
604 1730 783 1762 retulisses
818 1729 904 1762 Nam

279 1776 448 1819 Orplnicos
485 1775 613 1816 pariter
642 1779 745 1816 atque
775 1773 904 1818 Pytha·

277 1831 404 1863 goreos
429 1824 563 1853 constat
586 1829 649 1853 nec
672 1821 822 1852 cruentis
847 1830 903 1852 sa-

277 1867 343 1899 cris
373 1876 455 1899 usos
486 1875 564 1898 esse
588 1869 622 1897 et
647 1865 793 1897 carnium
819 1874 902 1906 qua-

278 1911 419 1944 rundam
460 1920 522 1943 esu
553 1910 774 1942 abstinuisse.
837 1914 904 1942 Au-

278 1957 352 1990 dias
389 1956 432 1989 de
473 1956 535 1989 hac
578 1965 615 1988 re
657 1955 902 1988 Krischium

279 2003 335 2036 De
377 2001 542 2034 Societat.
591 1999 732 2042 Pythag.
774 2011 806 2042 p.
846 1999 901 2034 34.

279 2046 553 2089 ,‚Orphicorum,
588 2046 699 2086 inquit
730 2046 804 2086 ille,
835 2046 902 2078 dis-

280 2087 403 2135 ciplina'
436 2092 501 2124 fuit
541 2092 684 2133 mystica
731 2090 903 2124 hominum

277 2137 582 2180 religiossimorum
600 2137 822 2176 consociatio,
847 2137 902 2177 qui

276 2187 433 2216 terrenae
456 2182 544 2214 vitae
566 2181 752 2222 ‘fragilitate
777 2182 903 2214 contri-

277 2228 357 2260 stati
390 2236 491 2268 quum
522 2227 622 2258 animi
657 2228 808 2267 corporis
833 2227 901 2258 vin-

279 2272 364 2305 culis
395 2272 491 2314 quasi
523 2271 556 2303 in
581 2272 776 2304 servitutem
801 2272 901 2304 reda-

279 2317 325 2351 cti
349 2318 497 2359 requiem
522 2321 558 2349 et
577 2317 842 2349 consolationem
867 2317 901 2349 in

282 2363 406 2396 Bacchi
437 2364 529 2395 cnltn
559 2362 602 2394 ab
635 2361 773 2403 Orpheo
803 2363 900 2394 insti-

279 2411 354 2441 tuto
388 2412 422 2441 et
456 2408 497 2441 ab
535 2407 572 2439 iis
603 2411 744 2448 recepto
774 2407 899 2439 inveni-

278 2457 371 2494 rent,
408 2454 582 2486 meliorem
623 2452 725 2485 animi
773 2456 897 2485 statum

279 2502 416 2538 sancta,
461 2498 607 2530 ascetica
650 2504 686 2529 et
727 2498 768 2529 ab
809 2497 899 2530 omni

278 2543 470 2577 animalium
495 2542 600 2575 caede
624 2546 658 2574 et
682 2552 744 2575 esu
768 2548 899 2575 remota

279 2588 411 2622 vivendi
443 2587 571 2621 ratione
602 2597 802 2629 praeparare
826 2592 898 2619 stn-

277 2633 413 2667 debant.
460 2633 527 2666 Hic
559 2637 612 2665 est
638 2633 711 2674 βίος
743 2632 797 2665 ille
825 2631 896 2675 Ὀρ-

276 2678 394 2720 φικός,
419 2688 518 2719 quem
544 2678 669 2719 optime
697 2687 895 2719 repraesen-

970 1373 1042 1401 tant
1065 1368 1266 1410 Euripides,
1297 1369 1526 1412 Pythagorico
1551 1389 1593 1394 --

969 1413 1139 1456 Orphicae
1163 1415 1270 1456 magis
1296 1425 1397 1456 quam
1427 1415 1593 1456 genuinae

970 1460 1187 1502 Pythagorae
1241 1459 1377 1493 scholae
1422 1459 1592 1500 addictus,

969 1506 1031 1536 sub
1062 1504 1241 1546 Hippolyti
1279 1515 1423 1546 persona
1459 1505 1592 1547 Hippo-

970 1551 1029 1590 lyt.
1055 1560 1086 1581 v.
1111 1549 1178 1584 949
1203 1560 1275 1590 sqq.
1302 1550 1506 1592 Pythagorei
1531 1551 1595 1592 igi-

970 1601 1026 1626 tur
1049 1604 1150 1635 quum
1183 1597 1429 1636 coniungerent
1454 1605 1492 1627 se
1517 1605 1593 1627 cum

969 1639 1023 1671 illa
1054 1643 1170 1679 secta,
1203 1641 1273 1671 fieri
1306 1641 1405 1672 aliter
1435 1649 1501 1672 non
1531 1651 1594 1682 po·

970 1685 1046 1724 tuit,
1071 1694 1170 1724 quam
1198 1688 1236 1716 ut
1261 1684 1350 1716 idem
1376 1685 1465 1716 vitae
1487 1694 1593 1726 genus

969 1732 1231 1770 sequerentur.‘·'
1253 1729 1591 1762 HaecKriachius.

969 1775 1125 1808 Quocum
1147 1784 1297 1815 vereor,
1334 1779 1372 1807 ut
1402 1775 1424 1806 ii
1456 1776 1593 1807 omnino

968 1819 1080 1851 facere
1111 1821 1245 1861 possint
1276 1824 1334 1851 aut
1374 1819 1496 1860 velint,
1535 1821 1592 1862 qui

968 1865 1111 1906 legerint
1124 1864 1402 1897 Lobeokiana
1423 1865 1591 1907 Aglaoph.

969 1909 997 1941 Ι.
1023 1909 1090 1944 245
1109 1920 1182 1951 sqq.
1207 1910 1330 1951 quibus
1353 1910 1386 1942 id
1410 1906 1532 1952 agitur,
1556 1916 1593 1942 ut

969 1955 1082 1997 potius
1119 1954 1342 1997 Orphicorum
1383 1955 1590 1997 disciplinam

970 2010 1012 2033 ex
1039 2001 1331 2042 Pythagoreorum
1358 2001 1487 2033 ratione
1511 2011 1589 2042 pro—

970 2045 1073 2078 diisse
1099 2046 1360 2078 demonstretur.
1411 2045 1591 2087 Utcunque

969 2101 1025 2123 res
1048 2095 1113 2132 est,
1138 2090 1219 2123 illud
1244 2090 1378 2132 quidem
1397 2093 1589 2132 neutiquam

969 2136 1108 2168 dubium
1133 2145 1211 2169 esse
1234 2136 1454 2176 arbitramur,
1475 2134 1588 2178 Ὀρφι-

967 2180 1022 2212 κοὶ
1044 2182 1115 2222 βίοι
1136 2181 1266 2222 quinam
1291 2179 1381 2222 apud
1411 2181 1589 2214 Platonem

967 2226 1173 2270 intelligendi
1205 2226 1279 2258 sint.
1314 2225 1403 2258 conf.
1430 2225 1527 2268 Epin.
1554 2237 1586 2268 p.

967 2271 1045 2306 975.
1073 2273 1118 2304 A.
1132 2270 1347 2313 Aristoph.
1365 2270 1473 2303 Rann.
1488 2271 1586 2305 1064.

968 2317 1163 2349 Karsten.
1189 2315 1229 2348 ad
1252 2315 1450 2358 Empedocl.
1467 2316 1586 2358 p.269.

969 2362 1127 2394 Ceterum
1169 2360 1211 2392 de
1249 2363 1357 2393 sacris
1393 2361 1585 2402 antiquissi-

968 2417 1096 2439 morum
1123 2406 1325 2447 populorum
1348 2406 1530 2438 incruentis
1556 2418 1585 2439 v.

966 2452 1065 2484 etiam
1108 2450 1280 2492 Porphy
1292 2462 1317 2483 r.
1361 2451 1410 2482 ue
1449 2452 1583 2485 Abstin.

964 2498 1012 2530 11.
1035 2497 1089 2530 27.
1130 2496 1306 2528 l‘ausan.
1334 2498 1357 2530 l.
1382 2497 1443 2538 26,
1467 2496 1500 2531 8.
1528 2498 1585 2529 ubi

966 2543 1029 2574 iam
1060 2551 1077 2573 a
1111 2540 1265 2583 C··erope
1295 2547 1448 2574 narratur
1483 2542 1584 2574 Athe—

964 2588 1014 2619 nis
1038 2596 1174 2628 quoque
1197 2587 1243 2619 ita
1269 2587 1372 2620 fuisse
1385 2587 1584 2624 institutum,

963 2637 999 2664 ut
1046 2631 1115 2664 lovi
1150 2632 1326 2673 placentae
1362 2632 1577 2672 offerrentur3

965 2676 1146 2710 Macrob.
1182 2676 1320 2712 Saturn.
1354 2677 1375 2710 Ι.
1408 2677 1461 2711 10.
1493 2678 1580 2710 conf.
