1644 2886
228 58 310 101 DE
339 57 613 110 LEGIBUS
648 59 763 101 [AB.
799 57 901 102 Vll.
938 60 982 101 P.
1018 60 1113 101 812.
1147 57 1211 102 St.

55 176 112 215 sit,
137 173 358 215 expedienda
382 177 464 206 ante
490 174 609 206 omnia
624 182 699 205 rur-

55 231 113 253 sus
129 219 336 262 perplexior
351 225 386 252 et
401 220 602 252 intricatior
623 228 698 250 ver-

55 268 178 299 borum
217 266 432 298 constructio
463 272 534 306 est,
571 266 700 307 quippe

56 323 147 355 quae
172 312 260 344 mire
285 317 339 344 est
361 308 620 344 α’νακόλυυθος.
643 311 699 342 1)8

56 369 128 401 qua
152 359 182 390 si
206 362 363 390 nostram
388 359 539 400 requiris
560 361 699 389 senten·

55 407 157 444 tiam,
190 414 263 436 rem
294 405 418 446 paucis
443 406 494 437 ita
521 405 700 446 explican-

55 452 135 483 dam
159 451 382 482 arbitramur.
427 450 570 482 Etenim
594 460 701 502 quum

57 497 280 529 manifestum
305 498 350 528 sit
371 497 600 538 principalem
624 496 702 527 uni·

57 553 178 575 versae
197 542 336 584 periodi
352 547 486 584 partem
502 553 578 575 esse
594 542 701 574 hanc:

58 587 118 630 τὴν
142 587 179 620 δὲ
209 588 447 629 ἑτεροφωνίαν
472 590 527 621 καὶ
558 587 699 619 ποικιλί-

55 646 100 666 αν
129 638 190 676 τῆς
216 633 322 675 λύρας
348 652 388 658 —
415 632 460 677 μή
493 633 702 676 προςφὲρειν

57 684 127 712 τοῖς
150 680 331 720 μέλλουσιν
357 693 384 712 κ.
405 692 429 712 ι.
457 683 496 717 λ,
521 691 624 713 1181110
649 686 702 711 est

56 728 140 769 quin
167 727 300 767 videat,
332 737 422 768 quae
446 728 562 759 media
590 727 696 758 inter-

56 776 148 805 iecta
184 778 282 805 sunta
320 774 374 804 καὶ
406 770 447 813 δὴ
481 774 534 804 καὶ
569 770 698 803 πυκνό-

59 829 138 860 τητα
173 837 216 842 -
256 817 579 860 προςαρμόιιοωαε
629 821 700 849 τοῖς

57 862 237 906 φθόγγοις
274 864 334 906 τῆς
376 863 503 906 Αὔρας,
542 875 613 896 11011
650 865 700 896 ita

57 912 238 944 enuntiata
263 917 415 950 esse‚-ut
440 910 624 953 flagitabat
647 911 699 941 in-

57 958 171 989 stituti
197 958 370 988 sermonis
394 958 498 989 ratio.
523 956 701 989 Nimirum

57 1003 207 1035 debebat
224 1008 317 1034 certe
335 1008 416 1044 post
440 1003 556 1035 ίειυιῦν
573 1009 607 1034 et
622 1002 702 1042 ξυν·

57 1048 185 1080 θέντος
216 1049 279 1079 τοῦ
312 1050 459 1091 ποιητοῦ
493 1054 554 1081 aut
580 1059 703 1081 rursus

57 1096 235 1136 genitivus
273 1095 457 1128 absolutus
489 1096 592 1137 poni,
631 1100 703 1136 aut,

58 1151 147 1182 quae
166 1141 286 1172 Astii
312 1147 365 1174 est
389 1143 578 1182 sententia,
600 1142 702 1173 illato

58 1197 142 1219 casu
176 1187 322 1225 obiecti,
353 1189 451 1229 pergi
484 1188 551 1220 hoe
576 1188 700 1220 modo:

60 1234 115 1264 καὶ
140 1230 182 1274 δὴ
209 1234 263 1264 καὶ
291 1232 328 1265 τὸ
356 1232 551 1275 πυκνότητα
578 1252 618 1257 --
639 1244 702 1264 πα-

60 1278 221 1320 ρέχεσθαι
242 1280 297 1310 καὶ
316 1298 357 1304 -
382 1281 581 1319 ποικίλματα
598 1287 701 1321 προς-

61 1323 250 1366 αρμόιιειν.
294 1326 459 1358 Α18111111
487 1337 570 1358 vero
603 1326 702 1358 dese-

61 1373 132 1403 ruit
156 1372 306 1412 scriptor
337 1373 539 1405 inchoatam
570 1382 702 1404 sermo-

58 1420 114 1449 nis
144 1423 356 1450 structuram
387 1420 575 1461 posuitque
603 1428 702 1460 prae-

59 1470 113 1496 ter
147 1465 430 1504 expectationem
464 1466 702 1497 accusativum

61 1509 316 1551 παρεχομένους
355 1516 390 1542 81
425 1508 702 1552 προςαρμόιτον-

63 1564 137 1593 tas,
180 1559 304 1597 utpote
348 1558 418 1588 iam
461 1559 620 1598 cogitans
661 1556 704 1588 de

61 1602 257 1643 insequenti
284 1603 460 1635 infinitivo
480 1602 527 1645 μὴ
551 1602 703 1645 apompe-

62 1659 144 1690 ρειν,
169 1649 224 1679 cui
248 1659 315 1690 pro
347 1651 550 1682 accusativo
576 1649 703 1681 obiecti

59 1695 290 1726 insolentiore
331 1696 502 1727 orationis
543 1695 704 1736 enallage

61 1751 180 1773 casum
215 1741 361 1772 subiecti
400 1742 575 1773 adiunxit.
623 1740 703 1778 Quo

61 1786 155 1819 facto
186 1787 338 1827 denique
365 1797 486 1819 rursus
516 1787 704 1818 revertitur

61 1833 107 1865 ad
141 1834 439 1864 constructionem
474 1833 704 1884 superiorem,

64 1878 352 1919 quandoquidem
392 1879 489 1910 filum
531 1879 705 1910 sermonis

64 1925 297 1964 interruptum
312 1925 393 1956 dein
410 1925 607 1977 pertexitur
622 1924 706 1956 inde

65 1980 87 2002 a
112 1969 249 2002 verbis:
277 1967 386 2000 πάντα
411 1981 477 2001 ovz
505 1967 542 2001 τὰ
569 1970 708 2002 τοιαῦτα

65 2027 95 2047 κ.
122 2026 149 2047 τ.
177 2016 223 2052 2„
260 2016 318 2047 ubi
352 2021 450 2057 patet
481 2010 547 2047 οὖν
580 2026 708 2057 epana-

64 2063 171 2103 lepsis
199 2062 368 2093 indicium
394 2063 527 2099 facere,
554 2063 624 2094 ista
649 2072 707 2094 au-

66 2113 150 2140 tem:
177 2106 286 2138 πάνια
314 2103 380 2139 οὖν
406 2106 444 2139 τὰ
469 2109 609 2139 τοιαῦτα
635 2119 663 2139 κ.
684 2119 710 2138 t.

67 2155 92 2185 ὶ.
119 2155 295 2195 respicere
321 2155 364 2185 ad
390 2164 432 2186 ea
457 2156 594 2194 omnia,
620 2164 709 2196 quae

65 2205 170 2232 antea
193 2205 360 2242 tanquam
388 2201 503 2232 minus
528 2201 630 2232 utilia
649 2206 710 2232 aut

65 2256 137 2278 non
167 2246 315 2278 ferenda
339 2247 374 2277 in
407 2247 534 2288 puerili
569 2247 708 2277 institu-

67 2293 162 2323 tione
190 2296 311 2324 notata
325 2297 359 2323 et
383 2293 597 2334 reprehensa
617 2297 707 2325 sunt.

69 2338 166 2369 Haec
189 2339 299 2379 igitur
324 2342 378 2370 est
402 2339 469 2370 loci
498 2339 709 2371 difficilioris

69 2385 166 2425 quasi
192 2394 380 2425 compages
399 2390 505 2425 atque
523 2389 710 2422 structura,

71 2439 141 2470 qua
182 2433 369 2472 explorata
415 2432 553 2462 demum
602 2431 711 2461 tutius

72 2474 200 2507 debinc
242 2476 364 2508 licebit
405 2477 450 2508 ad
497 2477 713 2517 singularum

72 2521 222 2561 partium
249 2523 572 2555 considerationem
599 2532 638 2553 ac
662 2522 713 2552 di-

72 2566 324 2599 iudicationem
351 2570 528 2602 accedere.
559 2558 727 2609 Opponit

73 2613 182 2653 igitur
194 2613 358 2654 scriptor,
372 2615 473 2647 sicuti
492 2615 716 2646 manifestum

75 2663 147 2698 0⁵1,
185 2658 416 2697 breonem-iae·
454 2661 506 2692 καὶ
551 2661 718 2691 :rot-mimi·

1330 60 1413 101 343

772 179 830 219 ιῆε
852 173 968 218 λύρας,
994 173 1224 207 diversitatem
1244 177 1276 207 et
1298 171 1411 206 varie-

766 226 871 256 tatem
896 223 1003 265 lyrae,
1027 222 1103 253 eius
1123 225 1246 253 cantus
1270 219 1413 259 rationi,

770 271 831 312 qui
857 278 964 301 sonos
990 269 1088 310 lyrae
1105 277 1183 299 cum
1206 266 1321 299 modis
1337 276 1411 298 mu·

770 317 852 348 sicis
887 325 998 357 puero
1041 313 1270 356 praescriptis
1309 313 1414 355 plane

771 363 876 395 habet
902 364 1158 401 congruentes,
1191 359 1298 402 idque
1329 359 1415 391 facit

770 410 834 448 sic,
859 412 899 439 ut
922 412 1005 440 ante
1029 407 1148 438 omnia
1171 406 1338 438 universe
1360 406 1414 436 in·

770 457 926 494 dicetur,
957 463 1001 485 ex
1037 462 1192 494 quonam
1223 452 1323 484 fonte
1352 448 1415 483 illa

770 511 937 534 sonorum
969 499 1122 531 varietas
1147 502 1182 529 et
1210 498 1414 539 discrepan-

770 549 819 579 tia
848 546 1105 588 proficiscatur.
1138 544 1324 576 Pertinent
1348 543 1416 575 11118

770 595 848 626 illa:
871 590 952 624 ἄλλα
977 589 1038 630 μὲν
1062 609 1105 613 --—
1121 590 1196 622 -ῐοῦ
1222 587 1284 631 τὴν
1307 590 1413 632 μελῳ,

769 638 846 671 δι’·αι
878 637 1073 679 ξυιθὲνιος
1107 636 1267 678 ποιητοῦ.
1314 634 1445 674 Quaer

768 686 908 727 quidem
958 684 1067 716 verba
1112 693 1155 714 eo
1207 682 1414 723 diligentins

769 736 849 764 sunt
889 730 1053 762 rimanda
1094 734 1129 760 et
1169 728 1415 770 expendenda,

769 778 863 820 quod
883 787 1004 809 eorum
1029 776 1221 816 explicatio
1246 780 1413 815 tanquam

769 825 860 856 vi‘am
886 828 920 855 et
944 822 1079 855 aditum
1104 821 1304 863 patefacere
1320 821 1413 852 vide-

770 876 827 902 tur
857 870 903 902 ad
934 869 1070 910 reliqua
1106 868 1248 909 penitus
1279 867 1414 908 perspi-

770 917 904 949 cienda.
950 916 994 946 Et
1018 915 1096 955 ipsa
1122 914 1264 955 quidem
1290 923 1353 954 per
1377 922 1416 944 se

772 967 930 1004 spectata
954 961 1086 992 habent
1117 970 1201 991 saue
1231 959 1414 1000 explicati-

772 1019 874 1040 onem
924 1007 1147 1045 facillimam,
1198 1011 1236 1037 ut
1283 1005 1415 1036 nnilam

773 1056 876 1096 plane
904 1053 1102 1094 legentibus
1127 1051 1299 1084 obiiciant
1323 1050 1415 1083 disfi-

774 1102 949 1133 cultatem.
990 1098 1080 1130 Nam
1107 1098 1152 1129 ad
1179 1098 1242 1129 τοῦ
1267 1096 1416 1139 ποιητοῦ

769 1157 872 1179 nemo
897 1147 964 1178 erit
989 1146 1072 1186 quin
1101 1145 1270 1184 largiatur
1284 1153 1327 1176 ex
1353 1153 1415 1175 an-

770 1199 928 1234 tegresso
949 1191 1063 1223 ἱεισῶν
1083 1190 1180 1221 1111110
1200 1190 1344 1231 negotio
1360 1189 1414 1220 in·

770 1240 882 1280 telligi
909 1239 1015 1269 licere
1040 1237 1168 1272 ἰένιος,
1202 1237 1298 1278 quod
1330 1245 1415 1267 saue

771 1290 865 1318 recta
889 1285 980 1316 ratio
1005 1283 1174 1324 postulat.
1225 1282 1331 1314 Poeta
1354 1291 1414 1313 au-

771 1338 838 1364 tem
870 1333 937 1363 iste
972 1331 999 1362 si
1035 1330 1215 1370 quaeritur
1244 1329 1322 1370 quis
1356 1332 1418 1359 aut

771 1379 885 1419 qualis
902 1378 960 1416 sit,
985 1386 1056 1407 11011
1074 1380 1127 1407 est
1149 1374 1308 1417 profecto
1326 1374 1416 1406 alius

771 1422 1041 1464 intelligendus,
1075 1432 1179 1463 quam
1204 1421 1262 1462 11111
1293 1420 1417 1451 modos

772 1471 926 1502 musicos
966 1468 1051 1500 fecit
1093 1473 1198 1509 atque
1243 1467 1417 1498 canticum

773 1517 848 1548 sive
883 1515 1002 1551 melos,
1021 1513 1241 1554 composuit,
1271 1522 1417 1554 prorsus

772 1567 811 1593 ut
828 1561 937 1603 Legg.
955 1560 1005 1591 11.
1022 1570 1056 1601 p.
1074 1558 1153 1594 670.
1173 1559 1215 1590 Ε.
1235 1559 1294 1590 Ad
1314 1568 1416 1599 quem

774 1618 876 1640 usum
919 1605 1086 1647 loquendi
1130 1604 1416 1646 patefaciendum

773 1659 808 1686 et
833 1652 1081 1686 declarandum
1098 1662 1141 1683 ne
1161 1661 1250 1692 opus
1276 1650 1418 1692 quidem

774 1705 827 1732 est
841 1705 880 1731 ut
893 1699 938 1731 ad
954 1699 1017 1730 illa
1041 1698 1299 1738 confugiamus,
1325 1705 1417 1738 qnae

773 1747 916 1788 scripsit
948 1744 1104 1776 Cicero
1140 1744 1193 1775 De
1220 1743 1319 1775 Orat.
1345 1742 1416 1774 ΙΙΙ.

773 1791 830 1826 44.
859 1789 999 1830 Musici,
1031 1789 1216 1832 quietiora
1248 1787 1419 1831 qnondam

774 1836 878 1869 iidem
934 1836 1070 1880 poetam
1131 1835 1417 1876 quandoquidem

776 1879 919 1924 ποιητής
954 1886 989 1914 81
1020 1883 1148 1921 ποιεῖν,

778 1928 951 1966 vocabuli,
978 1928 1122 1960 omnino
1147 1927 1277 1958 dieitur
1298 1926 1342 1956 de
1361 1925 1418 1964 iis,

776 1976 835 2016 qui
862 1976 898 2005 111
924 1973 1058 2005 artibus
1084 1977 1188 2014 atque
1213 1972 1340 2003 litteris
1355 1971 1418 2002 ali-

778 2021 862 2062 quid
894 2020 929 2051 vi
968 2019 1104 2060 proprii
1143 2019 1277 2059 ingenii
1312 2021 1420 2058 atque

779 2067 943 2098 liberiore
969 2065 1095 2097 mentis
1120 2065 1299 2106 animique
1324 2067 1419 2094 motu

781 2116 984 2154 procreant3
1019 2111 1114 2142 unde
1139 2111 1243 2142 etiam
1271 2109 1315 2141 de
1340 2118 1421 2150 pro-

776 2169 838 2191 sae
862 2158 1034 2190 orationis
1059 2157 1291 2198 scriptoribus
1320 2165 1421 2186 usur-

777 2205 852 2247 pari
892 2204 1125 2236 meminimus.
1164 2214 1196 2234 v.
1229 2201 1420 2235 Dorvill.

777 2251 824 2283 ad
849 2249 1035 2282 Chariton.
1059 2260 1080 2290 p
1105 2249 1185 2283 289.
1212 2253 1247 2280 et
1271 2248 1423 2280 Astius

777 2297 821 2328 ad
847 2295 935 2328 Plat.
956 2295 1111 2327 Phaedr.
1133 2306 1165 2337 p.
1181 2293 1261 2329 142.
1280 2294 1325 2325 A.
1343 2292 1424 2327 236.

779 2343 825 2374 D.
850 2341 975 2383 Itaque
1005 2346 1164 2383 apertum
1197 2344 1250 2372 est
1274 2340 1342 2370 1108
1371 2339 1422 2370 di-

779 2397 858 2420 cere
884 2388 1156 2426 Atheniensem,
1188 2386 1247 2428 qui
1273 2384 1423 2418 sustinet

780 2439 896 2475 partes
909 2435 1061 2466 orantis.
1089 2431 1295 2464 discordiam
1309 2433 1424 2462 autem

781 2490 936 2511 sotiorum
981 2484 1014 2512 ct
1056 2479 1257 2511 varietatem
1302 2474 1424 2508 exinde

782 2524 955 2563 orientem,
982 2524 1070 2568 qvod
1087 2524 1174 2556 alim
1192 2525 1310 2554 cantus
1327 2520 1422 2553 chor-

783 2570 848 2602 dae
873 2570 1040 2603 emittunt.
1066 2570 1154 2602 alios
1170 2566 1291 2609 fundit
1310 2567 1425 2610 ροὸίιι,

787 2614 845 2657 qui
869 2615 1021 2648 modulos
1044 2613 1247 2657 compos-uit,
1270 2622 1336 2646 non
1364 2613 1423 2645 de

786 2665 834 2694 ret
866 2660 1024 2694 adhibere
1058 2660 1092 2693 in
1127 2658 1339 2693 instituendis
1368 2658 1423 2696 iis,

1190 1881 1315 1912 latiore
1354 1889 1419 1911 usu
1468 1879 1472 1883 “
