1644 2886
241 101 317 141 184
701 96 1078 138 PLATONIS

240 211 427 262 ἑκάστην
464 208 516 261 δὴ
554 208 633 260 τὴν
665 217 826 264 μοῖραν
850 212 1130 253 διανοεῖσθαι
1164 209 1302 266 χρεών
1339 209 1397 260 ὡς
1432 203 1570 254 οὖσαν
1632 226 1635 243 ³

240 275 358 331 ἱερὸν
407 277 522 318 θεοῦ
558 277 726 330 δῶρον,
771 279 987 329 ἑπομένην
1035 283 1126 324 τοῖς
1159 278 1263 330 μησὶ
1298 277 1456 334 καὶτῇ
1489 276 1570 318 τοῦ
1633 283 1635 308 1

242 340 410 389 παντὸς
453 338 655 395 περιόδῳ.
700 339 766 382 διὸ
814 343 885 383 καὶ
931 342 1080 383 πᾶσαν
1116 341 1244 383 πόλιν
1279 338 1370 394 ἄγει
1407 343 1486 394 μὲν
1520 338 1571 382 τὸ

240 406 468 463 ξύμφυτον
502 407 651 461 ἱεροῦν
686 405 838 456 αὐτάς,
873 404 1001 448 ἄλλοι
1036 409 1079 449 δὲ
1114 403 1260 448 ἄλλων
1294 407 1392 455 ἴσως
1427 404 1571 460 ὀρθό-

241 487 368 527 τερον
413 470 639 526 ἐνείμαντό
685 488 729 514 τε
774 474 845 513 καὶ
892 470 1195 526 εὐτυχέστερον
1239 474 1458 514 ἐθείωσαν
1493 468 1573 521 τὴν

248 536 477 590 διανομήν.
512 535 634 590 ἡμεῖς
669 539 713 579 δὲ
747 530 826 579 οὖν
861 538 941 578 νῦν
975 539 1120 594 φαμὲν
1156 536 1393 590 ὀρθότατα
1429 553 1572 594 προῃ-

242 604 418 657 ρῆσθαι
437 599 516 644 τὸν
535 604 622 644 τῶν
656 604 1007 655 πεντακιςχιλίων
1034 605 1104 644 καὶ
1125 601 1450 658 τετταράκοντα
1476 601 1574 656 0291-

245 668 394 722 θμόν,
439 666 488 716 ὃς
528 667 672 717 πάσας
715 667 797 716 τὰς
848 666 1062 721 διανομὰς
1104 672 1183 721 ἔχει
1215 673 1336 723 μέχρι
1372 669 1460 709 τῶν
1495 667 1575 709 δώ-

252 735 354 776 δεκα
390 731 480 775 ἀπὸ
517 734 622 787 μιᾶς
655 731 900 788 ἀρξάμενος
943 730 1058 784 πλὴν
1101 733 1342 782 ἑνδεκάδος.
1377 730 1490 783 αὕτη
1530 732 1570 775 δ’

251 802 334 854 ἔχει
378 796 671 853 σμικρότατον
707 799 837 853 ἰἀμα·
892 800 961 839 ἐπὶ
1008 797 1185 854 θάτερα
1229 797 1314 851 ,ἀρ
1355 796 1480 850 ὑγιὴς
1514 802 1577 851 yi-

249 880 396 915 γνεται
450 866 572 906 δυοῖν
628 867 793 906 ἑστίαιν
839 862 1233 938 ἀπονεμηθείσαιν.
1286 862 1343 913 ὠς
1401 862 1439 905 δ’
1490 867 1576 905 ἔστι

250 931 391 972 ταῦτα
438 930 626 980 02722191139
674 930 806 977 ὄντα,
855 926 966 970 κατὰ
1017 928 1176 982 σχολὴν
1224 928 1304 971 οὐκ
1347 926 1404 970 ἂν
1441 927 1577 978 πολὺς

248 994 460 1046 ἐπιδείξειε
503 996 666 1047 μῦθος.
716 994 1020 1042 πιστεύσαντες
1063 993 1115 1045 δὴ
1169 993 1222 1036 τὰ
1270 995 1349 1037 νῦν
1400 995 1449 1053 τῇ
1494 1010 1575 1036 πα-

341 1141 394 1175 ais
423 1139 556 1175 οὖσαν
589 1142 710 1184 ιερὸν
742 1143 805 1184 st]
840 1141 933 1183 ιερὰν
959 1143 996 1174 Α.
1028 1140 1065 1173 Ω.
1093 1142 1127 1176 Ξ.
1160 1152 1188 1173 v.
1215 1142 1243 1173 b.
1269 1141 1291 1172 f.
1319 1151 1344 1173 r.
1369 1152 1401 1173 x.
1431 1127 1507 1181 amJ
1530 1143 1575 1174 vi-

250 1189 357 1228 tiose3
381 1198 586 1230 quamquam
618 1190 665 1220 ita
692 1189 795 1220 etiam
823 1188 903 1219 Aid.
931 1188 1062 1218 Lovan.
1093 1188 1188 1219 uass.
1214 1187 1245 1220 1.
1273 1187 1305 1220 2

341 1234 380 1265 C.
428 1233 597 1265 ἑστίαιν
631 1230 1032 1274 ἀπονεμηθείσαιν]
1069 1231 1220 1263 Grouius
1253 1231 1338 1263 ooni.
1372 1227 1576 1272 ἀποιμηθει-

251 1288 338 1311 aaa.
384 1279 453 1311 Sed
481 1289 509 1310 v.
539 1288 647 1310 enarr.

999 1409 1038 1442 C.
1088 1405 1134 1439 ὃς
1164 1405 1302 1438 πάσας
1335 1405 1407 1438 τὰς
1436 1406 1577 1440 διανο-

949 1453 1028 1495 μὰς
1067 1470 1109 1476 -
1140 1450 1399 1493 ἑνδεκάδος]
1452 1456 1488 1484 V.
1533 1455 1576 1485 ad

296 1407 348 1441 ὥς
373 1404 509 1441 οὖσαν
534 1408 653 1450 ἱερὸν
677 1410 789 1442 θεοῦ
807 1410 879 1443 δῶ-

251 1456 349 1495 ρον]
382 1454 546 1486 Onussam
582 1456 775 1487 sanctitatis
808 1457 881 1498 ipse

250 1500 363 1532 statim
390 1499 507 1539 addit3
536 1501 690 1540 sequitur
714 1501 802 1533 enim
827 1502 882 1533 hic

250 1554 411 1576 numerus
444 1545 553 1585 ipsam
580 1555 693 1577 rerum
725 1550 879 1579 naturam

251 1589 396 1629 eiusque
429 1589 534 1630 leges.
568 1599 599 1620 v.
633 1590 734 1622 etiam
768 1590 810 1622 ad
840 1591 879 1622 V.

250 1643 279 1665 c.
307 1633 363 1666 14.

296 1675 363 1710 διὸ
408 1679 476 1708 καὶ
513 1679 648 1710 πᾶσαν
679 1677 807 1710 πόλιν
839 1698 881 1702 -—

250 1721 488 1764 διανομήν]
515 1723 798 1766 Quapropter
823 1728 881 1756 et-

251 1769 285 1800 si
334 1778 676 1810 unamquamque
729 1769 880 1801 civita-

251 1818 334 1844 tem
376 1812 503 1845 ducit
545 1813 608 1853 id,
649 1815 780 1854 quod,
819 1818 878 1845 ut-

251 1862 354 1899 pote
392 1857 479 1899 ipsi
519 1865 722 1899 tanquam
767 1859 881 1890 inna-

253 1907 356 1939 tum,
395 1912 483 1934 eam
518 1907 779 1943 consecrat,
821 1907 881 1935 ta-

253 1958 347 1980 men
372 1947 450 1979 aiii
482 1947 582 1978 aliis
611 1949 774 1979 rectius
800 1948 882 1979 for-

252 1997 380 2025 tasse
419 1991 777 2026 distributionem
822 1992 882 2025 fe-

254 2041 409 2070 cerunt
437 2036 706 2078 feliciusque
731 2048 882 2070 conse-

254 2085 447 2122 crarunt,
497 2083 608 2122 prouti
651 2083 784 2115 sciiieet
831 2084 883 2115 vei

255 2128 394 2169 propius
424 2131 647 2159 accesserunt
678 2127 720 2159 ad
746 2132 885 2160 naturae

252 2172 530 2211 similitudinem,
577 2173 629 2203 vei
671 2172 802 2214 longius
842 2173 884 2205 ab

253 2216 374 2249 eadem
408 2215 576 2247 afuerunt.
625 2216 740 2249 Locus
775 2218 880 2250 neuti-

253 2271 353 2303 quam
378 2261 556 2292 iuteiiectu
583 2260 747 2301 difficilis3
773 2263 829 2302 qui
855 2263 883 2294 si

251 2306 331 2348 quid
362 2305 594 2353 obscuritatis
630 2305 754 2339 habere
793 2308 885 2339 visus

253 2355 323 2389 est,
357 2334 467 2382 t'otum
502 2350 582 2382 iliud
620 2350 648 2382 ei
681 2362 741 2392 per
777 2352 882 2383 inter-

253 2401 368 2437 pretes
392 2396 487 2437 ipsos
513 2399 567 2427 est
590 2395 730 2428 illatum.
764 2397 884 2429 Veluti

252 2440 346 2482 quod
396 2441 550 2473 Astius
597 2442 736 2483 scripsit
783 2438 886 2474 avale

254 2497 331 2518 osse
367 2495 513 2518 omnes
546 2485 750 2518 civitatis
792 2497 883 2528 par-

254 2536 320 2563 tes
347 2541 372 2561 s.
397 2528 508 2571 φυλᾰε
522 2534 555 2562 ct
572 2529 612 2560 ad
641 2530 754 2563 πόλεις
778 2532 884 2573 perti·

254 2586 354 2614 nere,
387 2575 420 2608 id
447 2579 558 2607 totum
587 2580 639 2607 cst
663 2575 821 2609 ficticium
850 2581 884 2609 et

248 2622 387 2663 plenum
414 2622 550 2653 erroris.

950 1500 1046 1533 Libr.
1074 1498 1112 1529 V.
1139 1508 1168 1530 c.
1196 1497 1249 1533 14.
1275 1502 1365 1530 etc.
1390 1497 1576 1539 8...p737

950 1546 1078 1585 quq-

995 1608 1100 1650 αὕτη
1140 1605 1175 1641 δ’
1214 1608 1297 1648 ἔχει
1334 1618 1392 1647 ομ.
1435 1609 1576 1651 fatur]

951 1656 1114 1695 inteiligit
1157 1651 1217 1694 τὴν
1252 1651 1430 1691 ἑνδεκάδα,
1477 1664 1578 1695 quam

949 1700 999 1732 ait
1023 1699 1147 1731 babere
1173 1698 1341 1730 medelam
1361 1699 1579 1740 lenissimam,

951 1745 1127 1786 quoniam,
1162 1744 1289 1775 demtis
1320 1743 1454 1774 duobus
1480 1744 1579 1785 focis,

949 1790 980 1822 in
1008 1790 1148 1821 aiteram
1173 1792 1327 1830 partem,
1361 1787 1425 1819 hoe
1452 1794 1524 1828 est,
1551 1790 1578 1821 si

950 1835 995 1866 ad
1025 1833 1117 1868 5040
1157 1834 1378 1874 respiciatur,
1415 1838 1580 1874 protenus

949 1889 1031 1912 sana
1067 1877 1242 1910 reddatur.
1292 1878 1379 1909 Nam
1407 1876 1495 1912 5040
1520 1889 1582 1920 per

949 1924 991 1958 11
1026 1924 1154 1955 divisus
1187 1923 1294 1955 efficit
1318 1932 1491 1956 numerum
1520 1934 1578 1965 pa-

949 1979 1021 2002 rem
1046 1968 1124 2003 458.‘
1176 1964 1420 2007 Ἀπονέμειν
1444 1973 1497 2001 est
1520 1969 1577 2001 fa-

949 2018 1017 2047 cta
1046 2013 1364 2046 distributione
1390 2013 1578 2046 demere

953 2059 1147 2091 Gronius
1181 2057 1356 2100 legendum
1382 2059 1582 2091 coniiciebat

954 2100 1232 2146 ἅποτμηθείσαιν,
1247 2103 1417 2144 probante
1443 2107 1466 2135 A
1482 2103 1578 2137 stio.

954 2149 1022 2181 Sed
1057 2160 1087 2181 v.
1122 2148 1261 2181 Politic.
1295 2158 1327 2189 p.
1360 2149 1437 2182 276.
1474 2148 1512 2180 D.
1547 2159 1578 2190 p.

951 2195 1029 2229 280.
1053 2195 1098 2226 D.

999 2262 1046 2301 τῇ
1071 2257 1264 2302 παρούσῃ
1286 2257 1401 2301 φήμῃ
1429 2260 1493 2290 καὶ
1519 2258 1579 2290 λό-

953 2306 1030 2348 γω]
1079 2305 1308 2357 praesenti
1358 2304 1498 2336 effato
1537 2308 1582 2336 et

952 2351 1131 2383 rationi.
1190 2347 1308 2390 Φήμῃν
1348 2353 1466 2386 vocat
1503 2349 1594 2390 quia>

951 2406 1024 2435 res,
1052 2404 1117 2428 non
1142 2395 1208 2426 iam
1236 2395 1279 2426 ad
1307 2395 1457 2427 calculos
1482 2404 1580 2426 revo-

951 2445 1048 2480 cata,
1090 2444 1249 2480 tanquam
1288 2439 1393 2471 effato
1431 2439 1579 2480 quodam

951 2487 1085 2524 divino,
1124 2486 1220 2516 cuius
1258 2494 1404 2517 caussae
1443 2485 1579 2523 lateant,

950 2531 1013 2563 niti
1061 2528 1206 2562 videtur.
1268 2530 1436 2562 Vocabuii
1483 2539 1578 2561 usum

952 2574 1121 2608 subtiiiter
1145 2575 1290 2606 rimatus
1309 2578 1361 2607 est
1386 2573 1578 2614 Wytten-

950 2619 1068 2652 bach.
1104 2619 1190 2651 Bibi.
1225 2619 1308 2651 Crit.
1348 2619 1419 2650 Vol.
1454 2619 1508 2651 nl.
1538 2618 1574 2650 P.
