1644 2886
93 227 100 233 ’
129 241 206 281 796

234 53 314 94 280

708 50 1070 94 PLATONIS

236 170 589 223 διασπειρομένης
631 162 725 218 ἅμα
761 169 832 207 καὶ
865 165 1278 219 ξυνακολουθουσης
1314 173 1370 217 εὶς
1405 172 1550 212 πᾶσαν

236 232 318 285 τὴν
357 230 534 287 ὄρχησιν
576 232 746 279 ἱκανῶς.

798 235 871 272 καὶ
919 232 970 283 δὴ
1008 231 1062 273 τοὶ
1097 250 1142 286 γε
1187 232 1298 275 κατὰ
1346 234 1488 287 πάλην
1522 234 1549 278 ἂ

234 302 312 354 μὲν
342 297 545 344 Ἀνταῖος
580 293 603 347 ἢ
642 296 842 350 Κερκύων
877 302 921 339 ὲν
962 303 1126 353 τέχναις
1161 301 1325 341 ἑαυτῶν
1359 299 1553 352 ξυνεστη-

234 380 370 408 σαντο
404 365 669 421 φιλονεικίας
701 361 921 418 ἀχρήστου
953 364 1097 419 χάριν,
1132 362 1155 415 ἢ
1194 367 1364 421 πυγμῆς
1394 365 1555 415 Ἐπειὸς

237 427 261 481 ἢ
297 427 507 482 ”Αμυκος,
560 427 686 471 οὐδὲν
733 428 925 487 χρήσιμα
974 433 1040 473 ἐπὶ
1088 433 1275 486 πολέμου
1325 436 1556 475 κοινωνίαν

232 494 364 545 ὄντα,
417 494 494 538 οὐκ
546 491 647 544 ἄξια
683 493 795 549 λόγῳ
849 505 1042 549 κοσμεῖν·

1092 495 1144 538 τὰ
1193 500 1236 539 δὲ
1271 496 1348 539 ἀπ’
1407 496 1555 552 ὀρθῆς

321 659 359 692 Ρ.
386 660 462 694 796.
511 655 532 699 ἢ
566 660 723 700 πυγμῆέ
752 659 850 701 Em]
886 662 1019 702 πυγμῆς
1043 663 1085 693 A.
1118 660 1155 693 Ω.
1184 673 1214 694 v.
1240 663 1264 693 f.
1290 662 1322 692 h.
1347 673 1372 693 r.
1403 673 1433 694 a.
1461 674 1487 694 c.
1517 674 1549 694 o.

232 795 362 827 tissime
402 796 557 827 universi
590 796 657 827 loci
692 797 859 835 rationes,

231 850 271 872 ac
317 840 453 872 videtur
485 846 727 882 praeposterae
761 842 861 872 scioli

231 886 376 917 alieuius
419 887 637 918 coniecturae
684 891 861 927 acceptum

231 931 364 962 referri.
391 930 513 972 Itaque
537 932 695 963 voculam
718 942 739 964 a
761 931 862 962 Bek-

232 977 349 1015 kero,
387 975 656 1008 Schneidero
692 982 726 1008 et
758 977 861 1008 Turi-

232 1022 389 1053 censibus
415 1031 524 1064 nuper
549 1026 722 1064 receptam
747 1023 859 1054 denuo

232 1067 438 1099 eiiciendam
486 1069 691 1108 putavimus.
745 1068 861 1108 Atque

232 1113 322 1144 idem
355 1122 465 1153 nuper
504 1113 586 1144 fecit
619 1114 721 1144 etiam
758 1113 859 1144 Her-

233 1168 422 1198 mannus,
447 1159 505 1199 qui
529 1164 643 1190 tamen
659 1158 861 1199 ceteroquin

234 1205 346 1235 locum
362 1204 576 1245 depravavit,
584 1203 862 1244 quandoquidem

234 1259 296 1290 pro
321 1244 568 1291 ἀποδιδομένης
597 1250 765 1281 arbitratu
797 1259 860 1280 suo

234 1295 372 1371 scripsit
396 1290 621 1348 ἅποριδοῦσα.
652 1321 655 1323 .

278 1339 318 1373 P.
343 1340 420 1374 796.
452 1337 472 1370 ἂ
496 1339 566 1379 μὲν
589 1336 775 1371 Ἀνταῖος
799 1338 858 1379 —]

234 1383 351 1416 Schol.
387 1382 535 1416 Ἀνταῖος
578 1382 596 1416 ὁ
634 1382 860 1419 [Temseu-,os

233 1428 372 1484 Λιβυης
404 1429 582 1471 βασιλεύς,
618 1427 658 1461 u's*
693 1427 774 1461 τοὺς
809 1428 859 1468 ξέ-

232 1485 317 1508 νους
349 1472 545 1518 ἀναγκάζων
586 1476 736 1507 παλαιειν
770 1471 863 1516 αυτῷ

232 1516 357 1561 ἆνήρει.
394 1519 502 1563 τούτῳ
542 1521 691 1552 παλαίειν
714 1516 859 1561 α’ναγκα-

232 1563 373 1606 ζόμενος
405 1555 583 1621 Ἡρακλῆς,
618 1563 673 1597 ὅτε
707 1563 749 1606 δὴ
783 1575 858 1603 πεμ-

235 1611 342 1653 φθείη
369 1608 450 1653 παρ’
472 1607 690 1652 Ενρύοθέως
713 1610 774 1642 τοῦ
798 1609 861 1650 βα-

234 1656 350 1689 σιλέως
389 1657 418 1689 Τ
418 1659 448 1699 ι’
453 1657 565 1688 υνθος
603 1655 658 1687 ἐπὶ
694 1656 740 1698 τῷ
774 1653 862 1696 παρὰ

233 1703 299 1733 τῶν
328 1669 534 1743 Ἑσπερίδων
578 1700 638 1741 μὲν
677 1699 714 1733 τὰ
754 1701 863 1741 χρυσᾶ

232 1748 317 1803 μῆλα
355 1748 488 1788 λαβεῖν,
531 1748 669 1800 κομίσαι
703 1745 740 1777 δὲ
776 1743 863 1786 πρὸς

234 1789 356 1830 αὐτόν,
381 1812 424 1816 -
451 1793 573 1825 τοῦτον
598 1787 663 1823 οὖν
696 1788 863 1846 ἀράμενος

235 1836 293 1870 τὸν
329 1835 479 1870 Ἀιταῖον
513 1836 680 1879 μετέωρον
720 1834 864 1876 ἅμμασιν

234 1881 395 1925 Ἡρακλῆς
416 1882 539 1916 κλάσας
558 1880 746 1914 ἀπέκτεινε·
774 1880 860 1921 ψαύ-

236 1941 318 1960 οντα
342 1929 405 1971 γὰρ
433 1930 490 1971 τῆς
515 1929 577 1971 γῆς
601 1926 741 1969 ιὀχυρὸι
766 1926 860 1959 συνέ-

234 1976 331 2031 βαινε
354 1975 541 2031 γιγνεσθαι.
571 1972 624 2006 διὸ
641 1986 694 2005 και
711 1974 770 2015 τῆς
794 1973 863 2013 Γῆς

233 2016 338 2052 αυτὸν
372 2016 461 2052 εἶνάι
492 2030 577 2052 mes·
611 2018 712 2051 παῖδά
748 2029 863 2058 φασιν,

235 2077 265 2097 v.
292 2067 546 2106 Apollodor
573 2065 665 2097 Bibl.
684 2065 794 2106 Myth
813 2065 860 2097 ΙΙ.

232 2111 264 2145 5.
299 2112 415 2153 ibique
451 2113 652 2152 Heynius.
679 2111 861 2142 Diodor-

234 2156 363 2188 Sieui.
397 2157 461 2188 IV.
494 2158 547 2190 17.
585 2157 738 2197 Hygin.
774 2155 860 2187 Fab.

231 2201 287 2235 31.
313 2203 398 2233 Eius
425 2204 631 2234 mentionem
655 2202 739 2232 facit
757 2201 857 2232 Plato

233 2248 334 2278 etiam
378 2247 520 2279 Theaet.
557 2258 591 2288 p.
628 2246 704 2280 169
741 2246 780 2279 Β.
818 2264 859 2269 -

236 2290 451 2346 Kepwnv'wv.
482 2292 597 2324 Schol.
625 2289 684 2333 τὴν
707 2290 766 2330 μὲν
789 2287 859 2322 απὸ

234 2349 352 2393 χείρων
374 2335 480 2379 πάλην
504 2336 620 2379 ἐξεῦρε
637 2334 778 2378 Θησεύς,
806 2334 863 2377 τὴν

235 2382 270 2414 δὲ
290 2379 356 2415 ἀπὸ
371 2384 498 2415 σκελων
515 2380 689 2425 Κερκύω7,
701 2380 862 2437 Βράγχου

234 2429 286 2460 καὶ
307 2427 488 2483 Ἀργιόπης
512 2427 657 2483 νύμφης.
676 2425 764 2469 πρὸς
783 2427 860 2459 τοῦ-

234 2485 291 2505 τον
318 2473 354 2506 τὸ
380 2473 526 2514 πέμπτοι
558 2469 668 2505 ἆθλον
691 2473 728 2505 ἐ7
751 2470 858 2504 Ἐλευ-

234 2523 300 2551 σῖνι
342 2521 489 2552 παλαίων
531 2518 605 2562 3¹⁷12
610 2521 754 2551 ωνίσατο
794 2516 857 2559 Θη-

235 2563 324 2597 σειῖς.
351 2560 454 2598 οὗτος
477 2563 541 2608 γὰρ
571 2564 651 2597 τοὺς
677 2562 859 2606 παριόντας

235 2623 274 2652 ¹7¹
279 2609 397 2653 ἄγκαζέ
423 2612 588 2645 παλαίειν
628 2622 678 2642 και
709 2610 857 2642 παλαιωι

929 792 1055 849 ἀνῄρει.
1087 794 1218 836 Θησεύς
1242 794 1278 826 δὲ
1301 796 1468 838 μετέωρον
1493 793 1554 829 αὖ·

930 838 988 872 τὸν
1024 837 1192 882 ἀράμενος
1235 837 1371 883 ἐρ’ῥιψεν
1407 850 1455 873 εις
1491 842 1555 883 γῆν

929 886 981 918 καὶ
1006 883 1206 919 ἀπέκτεινεν.
1232 897 1262 918 v.
1289 887 1470 919 Diodor.
1499 888 1553 918 IV.

928 931 981 966 61.
1032 932 1190 971 Hygin.
1224 931 1309 963 Fab.
1338 932 1393 965 38.
1420 937 1454 963 et
1478 932 1554 966 187.

929 976 1047 1010 Ovid
1071 977 1301 1017 Metamorph.
1329 977 1349 1005 I
1359 977 1396 1008 II.
1422 977 1498 1011 439.

973 1018 991 1076 η’
1018 1022 1183 1063 πυγμῆς
1206 1019 1385 1064 Ἐπειὸς]
1409 1023 1554 1064 Repete:

928 1064 948 1097 ἅ
972 1066 1008 1098 ἐν
1031 1066 1122 1108 τέχνῃ
1147 1066 1403 1109 ξυνεστήσαντο.
1438 1068 1554 1101 Schol.

927 1108 1058 1144 Ἐπειὸς
1092 1112 1280 1145 Πανοπέως
1320 1124 1380 1144 του
1420 1111 1554 1150 Φοίκου,

928 1156 968 1190 ὃς
992 1157 1044 1189 ἐπὶ
1071 1159 1114 1189 τώ
1138 1157 1337 1199 Πατρόκλου
1361 1155 1466 1201 οἷγωνι
1489 1170 1555 1190 ενι-

930 1213 1009 1245 κησε
1034 1202 1177 1245 πυγμήν.
1222 1202 1399 1242 Ἄμυκος
1423 1203 1459 1236 δὲ
1485 1203 1554 1235 Πο-

929 1249 1090 1280 σειδῶνος
1120 1250 1172 1280 καὶ
1205 1248 1341 1291 νύμφης
1364 1248 1556 1281 Βιθυνίδος

929 1291 949 1335 ἢ
970 1294 1099 1331 Πελίας,
1125 1292 1164 1326 ὃς
1181 1296 1233 1326 καὶ
1258 1294 1394 1335 ἐξεῦρεν
1419 1293 1556 1334 [adn-tas

927 1338 1120 1371 πυκτικούε.
1140 1341 1194 1372 De
1212 1341 1309 1382 Epeo
1332 1352 1362 1374 v.
1382 1341 1512 1372 Home
1525 1351 1551 1371 r.

927 1386 1026 1418 Iliad.
1044 1385 1174 1419 XXIII.
1192 1386 1269 1420 668.
1289 1386 1447 1426 Hygin.
1467 1386 1553 1417 Fab.

927 1431 1005 1465 108.
1032 1431 1214 1464 Pausan.
1241 1431 1278 1464 II.
1298 1432 1352 1465 29.
1372 1431 1427 1463 De
1449 1432 1554 1472 Amy-

927 1487 967 1508 co
991 1477 1086 1517 Iegas
1113 1477 1371 1518 Apollodor.
1397 1476 1555 1516 1.9‚20.

926 1522 1043 1562 ibique
1059 1522 1187 1562 Heyn.
1215 1523 1374 1563 Hygin.
1400 1522 1484 1554 Fab.
1500 1521 1554 1555 17.

928 1567 987 1598 ubi
1035 1578 1065 1597 v.
1114 1567 1337 1600 Munker.
1387 1568 1553 1599 Valer-

929 1612 1065 1643 Flacc.
1093 1612 1147 1643 IV.
1170 1611 1225 1645 48.
1251 1613 1295 1644 al.

975 1654 1019 1688 τὰ
1039 1653 1167 1690 δὲ,ἆπ’
1190 1653 1331 1698 ὀρθῆς
1355 1654 1553 1698 udins—1

929 1702 1066 1734 Laudat
1096 1703 1181 1734 haec
1203 1702 1352 1743 Etymol.
1378 1702 1497 1742 Magn.
1523 1713 1554 1743 p.

928 1747 1006 1781 348.
1026 1747 1078 1780 12.
1103 1758 1212 1789 nsque
1232 1748 1276 1779 ad
1293 1745 1553 1785 διαπονούμενα.

929 1793 1068 1824 Dicitur
1093 1789 1187 1834 ὀρθὴ
1213 1790 1309 1833 πάλη,
1343 1802 1430 1833 quae
1454 1793 1554 1824 etiam

931 1834 1110 1879 ὀρθοπάλη
1141 1839 1335 1879 appellatur
1357 1838 1510 1876 (Lucia
1521 1847 1554 1868 n.

929 1884 1123 1925 Lexiphan.
1146 1884 1196 1924 5.)
1224 1885 1277 1915 vel
1309 1880 1414 1924 ὀρθία
1441 1888 1474 1914 et
1499 1894 1555 1913 κα-

932 1928 1125 1970 ταβλητική,
1159 1940 1263 1971 quum
1298 1929 1401 1960 erecti
1426 1933 1556 1960 stantes

928 1975 1155 2013 luctarentur,
1187 1984 1296 2015 usque
1321 1974 1400 2005 dum
1431 1975 1555 2006 altern-

928 2025 980 2051 ter
1009 2021 1248 2052 adversarium
1272 2020 1326 2051 vel
1356 2019 1482 2051 robore
1506 2021 1555 2050 vi-

928 2065 1095 2097 rium'vel
1122 2066 1324 2107 pernicitate
1349 2070 1383 2095 et
1406 2066 1554 2096 dexteri-

928 2116 997 2143 tate
1036 2112 1091 2143 vel
1132 2112 1234 2143 etiam
1278 2110 1556 2150 supplantatione

926 2157 1049 2188 aliisve
1064 2157 1195 2189 artibus
1210 2161 1260 2188 tei·
1283 2156 1376 2186 humi
1404 2161 1555 2196 prostra—

929 2203 1044 2233 visset.
1093 2201 1182 2233 Nam
1206 2202 1307 2234 toties
1332 2203 1440 2241 repeti
1467 2202 1554 2232 sole-

927 2249 987 2279 bat
1010 2251 1194 2287 certamen,
1218 2257 1260 2278 ne
1284 2246 1445 2278 fortunae
1467 2247 1555 2277 ludi—

928 2294 1002 2324 brio
1020 2293 1095 2334 plus
1118 2303 1218 2334 quam
1242 2292 1378 2323 deceret
1401 2292 1555 2323 relietum

932 2348 1006 2370 esse
1039 2338 1223 2370 videretur.
1270 2337 1327 2368 Ab
1353 2337 1418 2368 hoc
1442 2341 1554 2370 autem

929 2381 1040 2415 luctae
1058 2393 1183 2424 genere
1197 2381 1377 2414 differebat
1399 2383 1554 2418 alterum,

929 2439 997 2469 quo
1043 2432 1234 2469 pugnantes
1276 2428 1370 2459 humi
1412 2428 1554 2469 proiecti

927 2474 1164 2513 decertabant,
1188 2474 1237 2504 ita
1261 2474 1414 2517 quidem,
1445 2478 1481 2503 ut
1502 2473 1551 2503 in—

928 2524 978 2550 ter
1001 2519 1223 2551 volutandum
1246 2520 1466 2550 luctarentur.
1482 2517 1551 2548 Un—

927 2565 967 2596 de
993 2564 1183 2605 appellatnr
1209 2561 1386 2605 ἆλίνδησις.
1418 2563 1551 2594 Utram-

927 2619 990 2648 que
1038 2611 1160 2641 luctam
1206 2611 1356 2642 suaviter
1401 2608 1552 2648 depingit
