1644 2886
482 113 578 175 nn·
597 111 877 158 LEGIBUS
911 119 979 155 etc
1166 109 1404 154 xxxvn

51 245 100 272 so
133 231 235 272 hum
277 229 410 272 etiam
437 230 521 272 hac
548 243 708 272 caussa
743 234 907 271 motum
937 241 1065 272 senes
1096 225 1323 269 induxisse
1352 224 1408 268 de

50 301 96 330 re
127 300 180 330 us
218 285 420 330 civilibus
458 285 815 330 sermocinantes.
880 283 979 328 Nec
1028 298 1134 328 vero
1182 281 1409 341 negligen-

51 343 154 386 dum
193 348 284 398 est,
326 343 556 386 Platonem
594 344 768 400 ipsum,
809 356 897 398 quo
936 347 1133 399 tempore
1173 339 1258 383 hoc
1296 354 1408 397 opus

51 399 208 444 litteris
248 400 548 459 consignavit,
588 401 673 444 iam
708 398 767 442 ad
808 399 1018 456 grandem
1056 397 1307 455 pervenisse
1337 412 1409 440 ae—

52 465 198 502 tatem.
265 457 395 501 Fecit
441 458 580 524 igitur
631 471 766 500 senex
809 470 935 500 senes
987 455 1315 513 colloquentes,
1362 462 1409 498 ut

53 516 176 572 quasi
227 516 393 573 proprii
442 530 529 558 vim
580 511 745 572 ingenii
798 513 1021 570 animique
1071 513 1312 571 exprimere
1367 516 1410 554 et

52 580 380 630 repraesentare
405 572 597 615 voluisse
626 570 840 614 videatur.

167 630 259 672 Iam
299 645 402 673 vero
441 629 549 671 haec
591 628 689 684 ipsa
728 642 798 670 res
839 627 926 670 dici
970 643 1057 669 non
1095 635 1244 684 potest
1271 642 1408 682 quan-

54 699 143 729 tum
194 687 322 729 etiam
381 684 436 728 ad
485 685 625 729 omnis
683 686 894 728 sermonis
944 684 1135 727 colorem
1185 691 1232 726 et
1285 685 1410 740 quasi

53 744 251 788 habitum
310 741 592 786 iudicandum
649 742 824 786 referat.
915 741 1105 784 Effinxit
1151 741 1266 784 enim
1313 740 1410 798 phi-

53 801 262 858 losophus
314 799 429 843 hanc
477 799 618 856 ipsam
665 800 722 844 ob
776 814 977 844 caussam
1027 798 1241 842 sermonis
1294 798 1410 841 seni-

53 859 105 901 lis
155 858 281 915 quasi
330 857 523 915 speciem
563 857 781 913 quandam
821 863 867 900 et
906 856 1164 915 imaginem,
1219 855 1410 912 ideoque

53 915 405 971 colloquentibus
444 915 599 959 tribuit
638 914 981 973 disputationem
1013 929 1130 969 eam,
1165 928 1293 970 quae,
1326 914 1410 956 etsi

53 972 253 1015 videatur
302 973 559 1027 πρεσβυτῶν
609 975 795 1027 ἔμφρων
833 990 900 1024 τις
938 978 1116 1026 cracem,
1166 971 1297 1014 sicuti
1343 978 1412 1014 est

56 1030 177 1073 Libr.
219 1029 300 1073 VI.
330 1046 374 1087 p.
405 1030 502 1072 769.
532 1029 589 1073 A.
619 1029 719 1073 coll.
750 1028 837 1073 ΙΙΙ.
875 1046 919 1087 p.
951 1030 1047 1072 671.
1080 1029 1132 1072 E.
1162 1044 1309 1085 neque
1339 1043 1411 1071 ca-

54 1094 146 1131 reat
181 1093 410 1131 venustate
448 1093 580 1142 atque
608 1087 825 1130 suavitate
864 1102 956 1141 sua,
1000 1093 1144 1130 tamen
1171 1087 1277 1130 item
1307 1101 1412 1142 prae

55 1160 104 1189 se
133 1145 220 1188 fert
248 1144 513 1202 singularem
544 1145 762 1200 quandam
804 1145 1104 1200 severitatem,
1145 1159 1172 1186 a
1207 1143 1412 1187 iuvenilis

56 1202 211 1245 aetatis
258 1201 475 1244 hilaritate
522 1201 675 1258 utique
727 1201 1005 1256 alieniorem,
1056 1207 1212 1259 utpote
1264 1201 1412 1244 nescio

58 1258 165 1315 quid
203 1258 433 1302 habentem
472 1258 770 1302 insolentioris
806 1259 1060 1316 gravitatis,
1100 1273 1300 1315 quaeque
1340 1273 1411 1301 su—

57 1315 189 1360 binde
227 1315 389 1359 lentius
436 1315 604 1359 incedit
653 1316 903 1374 prolixioris
953 1316 1189 1371 sermonis,
1241 1315 1412 1372 qualem

56 1388 183 1417 senes
215 1379 378 1427 amant,
408 1373 665 1430 ambagibus
686 1373 921 1417 retardata.
979 1373 1198 1416 Nimirum
1229 1373 1413 1431 insignis

57 1438 124 1474 est
159 1430 300 1473 omnis
343 1430 483 1474 oratio
522 1445 627 1474 sane
664 1431 719 1475 iis
756 1431 1019 1486 virtutibus,
1059 1445 1169 1487 quae
1209 1431 1316 1474 artis
1344 1446 1413 1473 ra-

57 1488 176 1531 tione
225 1488 386 1531 talibus
433 1488 707 1532 sermonibus
753 1489 927 1546 possint
975 1487 1213 1531 conciliari.
1281 1487 1414 1542 Quod

59 1545 133 1601 qui
164 1544 477 1602 reprehendere
506 1547 831 1600 sustinuerunt,
863 1546 893 1589 ii
923 1546 1180 1602 neutiquam
1211 1544 1414 1589 videntur

59 1602 167 1646 satis
209 1603 507 1659 reputavisse,
549 1603 658 1660 quid
700 1609 854 1646 auctor
883 1619 934 1646 ea
963 1603 1009 1646 in
1038 1619 1086 1646 re
1112 1609 1327 1659 sequutus
1359 1603 1416 1645 sit

58 1667 104 1702 et
132 1669 296 1715 quanta
324 1675 423 1703 cum
461 1667 552 1703 arte
593 1676 687 1704 eam
731 1661 996 1705 tractaverit.
1064 1661 1301 1704 Enimvero
1342 1660 1414 1703 ille

18 1764 23 1769 ,
58 1717 187 1759 finxit
214 1732 455 1760 sermonem
483 1733 572 1760 non
602 1718 732 1761 modo
764 1734 891 1772 eum,
932 1718 1008 1774 qui
1048 1733 1200 1762 senum
1229 1718 1414 1776 ingeniis

60 1781 105 1817 et
140 1775 333 1817 moribus
363 1774 588 1817 videretur
617 1776 1079 1827 convenientissimus,
1121 1776 1284 1833 quippe
1315 1775 1411 1832 qui-

60 1832 141 1874 bus
182 1831 358 1875 deesset
397 1841 521 1890 grata
552 1833 625 1875 illa
666 1842 798 1890 atque
828 1834 975 1877 suavis
1005 1834 1267 1878 robustioris
1298 1839 1414 1876 aeta-

61 1889 117 1931 tis
147 1888 333 1932 facilitas
362 1889 501 1941 (Libr.
531 1889 595 1934 II.
627 1907 670 1947 p.
699 1892 798 1934 637.
828 1891 886 1934 D.
912 1889 1060 1942 ἐπειδὴ
1094 1890 1143 1934 τὸ
1177 1890 1273 1944 παρ’
1309 1890 1416 1944 ἡμῖν

61 1944 260 2001 ἐλαφρὸν
301 1948 484 1990 ἐκλείπει
522 1946 648 2002 ’νῦν);
699 1962 851 1990 verum
891 1947 1022 1990 etiam
1050 1947 1135 1991 hoc
1164 1953 1234 1990 est
1261 1961 1415 1992 conse-

62 2008 252 2057 quutus,
297 2001 416 2058 quod
443 2001 637 2046 universi
666 2003 836 2047 consilii
865 2004 932 2047 sui
962 2005 1205 2048 rationibus
1235 2019 1414 2063 respon·

62 2059 194 2102 debat
234 2058 304 2102 vel
349 2060 547 2114 maxime,
578 2066 629 2103 ut
656 2061 800 2104 omnia
827 2068 980 2118 posset
1006 2062 1225 2118 explicare
1252 2061 1416 2120 simpli—

64 2117 158 2159 cius
195 2121 242 2159 et
282 2115 339 2159 ad
379 2132 649 2160 communem
691 2117 913 2161 hominum
963 2117 1299 2178 intelligentiam
1344 2134 1416 2163 ac-

63 2172 404 2229 commodatius,
445 2173 799 2231 quandoquidem
824 2175 978 2220 ⁴senilis
1019 2176 1105 2221 iste
1136 2192 1276 2221 sermo
1305 2177 1416 2220 fere·

65 2231 139 2274 bat
182 2231 312 2274 etiam
347 2231 554 2275 maiorem
593 2232 811 2288 quandam
848 2233 1018 2291 copiam
1055 2240 1148 2278 tum
1186 2234 1418 2278 verborum

66 2300 154 2330 tum
195 2289 533 2344 sententiarum,
578 2304 708 2345 quam
743 2306 856 2347 quae
896 2291 1004 2335 alias
1043 2291 1222 2336 admitti·
1255 2299 1417 2350 posset.

66 2345 286 2400 Quocirca
329 2346 451 2390 Plato
493 2348 610 2390 omni
659 2362 713 2390 ex
751 2354 874 2406 parte
914 2348 1251 2407 prudentissime
1295 2349 1416 2394 insti-

65 2403 201 2446 tuisse
237 2402 435 2458 videtur,
467 2403 589 2460 quod
618 2419 745 2448 senes
773 2404 1000 2464 finguntur
1029 2422 1148 2462 esse,
1189 2408 1264 2463 qui
1293 2407 1415 2450 fami-

66 2459 194 2503 liares
220 2475 442 2505 sermones
470 2462 713 2505 conferunt.

179 2515 270 2560 Sed
309 2533 443 2574 quum
481 2518 601 2562 istud
630 2518 808 2575 quidem
838 2520 1188 2577 colloquentibus
1218 2521 1418 2565 omnibus

67 2589 294 2618 commune
330 2576 411 2632 sit,
453 2582 546 2619 tum
586 2577 715 2620 etiam
760 2576 944 2634 singulis
973 2593 1055 2622 sua
1082 2585 1216 2635 atque
1245 2579 1420 2636 propria

68 2630 366 2675 attribuuntur
379 2664 394 2686 ,
436 2649 489 2676 ex
521 2634 679 2691 quibus
708 2648 876 2677 morum
904 2641 949 2679 et
975 2635 1252 2695 ingeniorum
1283 2635 1417 2679 varie-

68 2695 135 2731 tas
182 2687 394 2745 quaedam
423 2691 572 2735 oritur.
631 2690 900 2749 Depingitur
929 2694 1043 2738 enim
1073 2692 1419 2748 uniuscuiusque
