1644 2886
246 102 397 143 XLVI
672 97 1100 141 PROhEGOMEN
1111 100 1147 138 A

247 212 381 254 videri
419 212 571 267 partim
610 209 762 250 exinde
806 214 899 249 orta
929 222 1050 261 esse,
1091 206 1207 262 quod
1247 221 1355 262 opus
1395 206 1572 261 abipso

246 274 419 310 auctore
467 282 552 308 non
584 271 649 306 est
672 265 800 319 -plane
830 263 883 305 ad
913 265 1070 306 exitum
1099 262 1371 319 profligatum
1402 276 1574 304 accura-

246 333 374 378 teque
423 321 693 378 perpolitum.
772 319 971 374 Denique
1019 320 1144 361 etiam
1191 319 1327 360 oratio
1381 317 1574 360 Platonis

248 380 391 422 multis
429 377 680 432 magnisque
720 375 964 417 criticorum
996 383 1122 430 atque
1153 375 1385 417 scribarum
1424 373 1576 415 errori-

249 437 326 478 bus
354 433 642 476 contaminata
672 438 751 484 est,
784 431 1050 486 quiquidem
1073 446 1236 473 errores
1267 431 1421 486 partim
1451 430 1575 470 etiam

249 508 298 539 eo
337 489 585 540 valuerunt,
642 495 689 529 ut
728 487 889 543 dialogi
930 494 1132 529 venustas
1174 493 1216 528 et
1255 486 1468 543 elegantia
1509 484 1577 526 vel

249 547 557 601 depravaretur
595 544 663 586 vel
702 544 1025 596 obscuraretur,
1057 543 1101 584 id
1131 541 1246 597 quod
1275 543 1318 583 in
1351 542 1576 584 Commen-

248 603 368 644 tariis
409 601 570 643 criticis
611 608 653 642 et
688 601 920 655 exegeticis
960 615 1044 641 non
1075 615 1159 641 uno
1190 600 1283 640 loco
1313 598 1578 639 demonstra-

251 659 399 700 vimus.
467 661 613 710 Atque
650 656 754 697 haec
795 657 831 697 si
879 671 976 698 vere
1016 655 1355 710 disputavimus,
1396 669 1448 694 ne
1496 653 1579 694 ista

252 714 422 769 quidem
465 728 558 755 eam
588 713 672 753 vim
704 712 860 754 habere
891 719 1090 768 apparet,
1123 718 1169 752 ut
1208 710 1395 752 universi
1438 709 1579 764 operis

251 771 379 812 fidem
418 776 462 811 et
490 769 788 810 auctoritatem
820 768 1065 810 convellant
1094 774 1169 808 aut
1197 767 1469 808 labefactent.

563 1157 685 1232 Cap.
726 1156 854 1216 xvi.
922 1154 1170 1233 Segment.
1218 1155 1296 1214 lv.

281 1278 351 1314 ne
381 1278 566 1323 dialog!
591 1278 805 1314 universi
837 1277 1228 1322 proprietatibus
1253 1275 1557 1319 quibusdam.

368 1377 456 1420 Sed
512 1379 731 1420 mittamus
780 1378 886 1420 haec
948 1384 1075 1432 atque
1125 1375 1486 1433 transgrediamur
1529 1375 1583 1416 ad

257 1433 588 1476 considerandas
628 1434 834 1489 quasdam
874 1434 1061 1476 universi
1101 1433 1308 1475 sermonis
1346 1431 1583 1487 proprieta-

257 1498 346 1542 tes,
387 1490 431 1530 in
472 1491 629 1544 quibus
661 1492 783 1544 quasi
821 1490 1049 1546 singularis
1093 1488 1266 1544 quidam
1305 1489 1421 1530 color
1450 1487 1584 1543 ipsius

258 1546 457 1588 cernitur.
516 1549 583 1588 Ac
613 1548 795 1603 primum
825 1546 998 1601 quidem
1029 1545 1280 1588 Zellerus
1320 1543 1445 1587 Stud.
1486 1543 1584 1584 Pla-

258 1611 347 1643 ton.
390 1618 431 1657 p.
473 1603 536 1644 68.
570 1618 636 1657 sq.
679 1609 722 1644 et
751 1604 943 1645 Astius
973 1602 1042 1643 De
1072 1602 1175 1643 Vita
1205 1607 1247 1642 et
1281 1600 1460 1656 Scriptis
1488 1599 1583 1640 Pla-

257 1668 347 1700 ton.
382 1674 421 1713 p.
451 1660 560 1712 388,
592 1659 720 1700 sicuti
749 1659 833 1700 iam
863 1665 990 1700 antea
1021 1657 1383 1713 significavimus,
1417 1655 1584 1712 gravio-

259 1729 346 1756 rem
384 1715 590 1756 sermonis
624 1715 839 1757 incessum
877 1721 1103 1767 notarunt,
1136 1713 1208 1768 qui
1237 1713 1370 1754 veluti
1403 1726 1585 1767 pompae

261 1770 416 1812 habeat
460 1770 707 1813 tarditatem
754 1772 965 1827 planeque
1023 1775 1168 1811 careat
1218 1768 1456 1809 admirabili
1514 1767 1587 1807 illa

261 1826 480 1869 facilitatis
517 1828 670 1882 gratia,
710 1842 796 1882 qua
824 1827 895 1868 alii
925 1825 1118 1867 Platonis
1148 1839 1363 1867 sermones
1394 1823 1585 1878 insignes

262 1885 359 1924 sint.
413 1883 481 1929 ‚At
516 1883 627 1925 enim
665 1899 766 1925 vero
807 1881 1124 1936 istudquidem
1151 1880 1397 1933 neutiquam
1427 1878 1587 1934 simpli-

263 1938 371 1980 citer
410 1954 487 1994 pro
527 1939 634 1981 vitio
675 1939 917 1980 ducendum
955 1952 1072 1990 esse,
1115 1937 1182 1978 vel
1212 1952 1264 1978 ex
1294 1936 1346 1977 iis
1378 1949 1584 2031 apparere

265 1995 542 2048 arbitramur,
583 2010 692 2050 quae
732 2001 859 2036 antea
906 1994 959 2036 de
998 1999 1154 2035 ornatu
1197 1993 1368 2034 scenico
1454 1990 1585 2045 ialogi

264 2057 364 2092 sunt
401 2051 607 2105 exposita.
665 2050 799 2093 Senes
841 2051 954 2092 enim
991 2049 1172 2092 decebat
1201 2048 1327 2090 etiam
1355 2061 1491 2088 sermo
1521 2061 1586 2087 se·-

266 2105 406 2147 datior
436 2114 566 2161 atque
601 2107 871 2148 moderatior.
932 2107 1159 2148 Praeterea
1187 2119 1264 2146 nec
1293 2107 1587 2158 argumentum

266 2162 431 2204 ferebat
472 2163 674 2204 maiorem
716 2161 1009 2219 interrogandi
1043 2159 1415 2216 respondendique
1451 2158 1587 2200 varie-

266 2224 423 2270 tatem,
463 2218 715 2273 praesertim
744 2234 872 2274 quum
902 2217 1010 2260 illud
1037 2219 1124 2260 fere
1151 2216 1205 2258 ad
1234 2229 1496 2258 communem
1523 2213 1587 2255 in-

267 2274 547 2330 telligentiam
585 2274 901 2316 accommodate
942 2289 991 2316 ae
1029 2272 1224 2329 populari
1263 2271 1425 2312 ratione
1453 2270 1586 2325 expli-

268 2330 409 2373 catum
428 2330 496 2382 sit.
556 2330 652 2372 Neo
669 2345 770 2378 vero
802 2331 883 2373 ista
912 2330 1069 2386 dialogi
1098 2328 1294 2381 tarditas,
1325 2327 1362 2369 si
1392 2338 1476 2380 qua
1504 2334 1584 2377 est,

270 2386 323 2429 ab
365 2386 458 2427 aliis
494 2385 688 2428 Platonis
717 2387 836 2429 libris
866 2386 1035 2429 omnino
1063 2385 1211 2426 abesse
1242 2383 1422 2424 videtur.
1481 2381 1586 2422 Ani-

269 2441 549 2484 madvertitur
585 2442 732 2484 saltem
762 2443 897 2485 simile
927 2440 1127 2497 quiddam
1157 2441 1284 2482 etiam
1312 2440 1356 2479 in
1387 2437 1586 2490 Politico,

272 2498 477 2552 Philebo,
516 2498 705 2551 Timaeo,
737 2513 918 2552 quorum
947 2498 1148 2540 librorum
1179 2496 1363 2538 omnium
1396 2500 1445 2534 ut
1473 2493 1587 2547 quis-

272 2569 353 2608 que
395 2560 590 2596 versatur
627 2555 669 2595 in
715 2561 966 2609 argumento
1006 2550 1244 2595 difficiliore
1284 2557 1326 2592 et
1363 2549 1417 2591 ad
1454 2548 1586 2591 disse-

272 2609 391 2651 rendi
420 2610 668 2653 varietatem
688 2611 836 2652 'minus
860 2617 961 2665 apto
990 2615 1032 2650 et
1059 2608 1229 2661 idoneo,
1260 2607 1319 2648 ita
1348 2606 1474 2647 etiam
1505 2602 1583 2644 dif-
