1644 2886
263 105 344 145 ‘270
737 101 1106 145 PIJATONIS

265 219 401 260 καλοῦ
442 219 578 276 βαίνῃ
629 217 904 271 πλημμελῶς,
950 216 1046 261 οἷον
1094 215 1308 260 τεκτόνων
1347 222 1391 260 ἐν
1428 221 1595 261 οἰκοδο-

265 282 460 337 μήμασιν
497 283 728 335 ἐρείσματα
764 287 808 324 ἐκ
837 288 970 336 μέσου
1006 281 1297 340 ὑποῤῥὲοντα,
1338 287 1598 338 συμπίπτειν

267 354 326 398 εὶς
363 344 527 389 ταύτὸν
563 355 674 390 ποιεῖ
706 345 758 389 τὰ
792 347 1036 403 ξύμπαντα,
1072 350 1251 391 κεῖσθαί
1285 365 1329 391 τε
1363 347 1474 390 ἄλλα
1510 348 1591 406 υφ’

267 418 443 467 ἑτέρων,
490 410 605 453 αὐτοὶ
644 429 686 454 τε
721 418 793 456 καὶ
830 414 882 456 τά
920 416 1060 463 καλῶς
1093 413 1276 470 ὕστερον
1311 416 1599 469 ἐποικοδομη-

266 482 431 527 θέντα,
478 479 563 519 τῶν
594 478 788 533 ἀρχαίων
822 478 1147 523 ὑποπεσόντων.
1185 477 1213 521 ἃ
1250 478 1302 531 δὴ
1334 482 1596 535 διανοουμέ-

266 559 369 593 νους
412 541 553 597 ἡμᾶς,
599 537 629 585 ὦ
681 545 880 595 Κλεινία,
924 548 992 588 σοὶ
1035 548 1097 588 δεῖ
1146 543 1228 597 τὴν
1269 544 1399 587 πόλιν
1441 544 1598 598 καινὴν

265 604 405 653 οὖσαν
447 609 592 668 πάντῃ
638 610 827 661 ξυνδεῖν,
874 610 982 666 μήτε
1010 617 1118 667 μέγα
1151 609 1255 665 μήτε
1294 610 1477 666 σμικρὸν
1513 629 1597 653 πα-

265 675 536 730 ραλιπόντας
580 680 638 723 εὶς
685 675 891 732 δύναμιν,
945 675 1029 720 ὅσα
1078 675 1242 731 νόμους
1286 674 1311 728 ἢ
1348 680 1434 728 ἔθη
1469 694 1533 727 τις
1572 675 1595 728 ἢ

265 740 586 796 ἐπιτηδεύματα
631 744 771 784 καλεῖ·
817 744 927 785 πᾶσι
973 741 1060 797 γὰρ
1097 750 1189 791 τοῖς
1224 742 1438 791 τοιούτοις
1473 742 1597 792 πόλις

264 808 493 859 ξυνδεῖται,
531 804 636 849 ἄνευ
673 809 717 849 δὲ
753 806 954 861 ἀλλήλων
989 807 1172 864 ἑκάτερα
1194 806 1360 851 τούτων
1395 807 1474 850 οὐκ
1508 812 1598 852 ἔστι
1628 858 1631 862 Α

263 872 453 927 μόνιμα,
501 870 606 922 ὥςτε
650 871 703 915 οὐ
745 875 827 929 χρὴ
864 873 1137 929 θαυμάζειν,
1185 872 1264 916 ἐὰν
1312 872 1416 928 ἡμῖν
1452 874 1593 917 πολλὰ

263 936 358 993 ἅμα
402 940 475 981 καὶ
519 936 677 993 σμικρὰ
728 941 945 982 δοκοῦντα
983 939 1091 982 εἶναι
1128 939 1292 994 νόμιμα
1329 938 1355 991 ἢ
1392 942 1463 982 καὶ
1498 944 1595 983 ἐθί-

265 1019 410 1059 σματα
444 1002 701 1061 ἐπιρρέοντα
738 1010 1038 1061 μακροτέρους
1074 1007 1176 1065 ποιῇ
1214 1003 1319 1055 τοὺς
1353 1004 1530 1060 νόμους.

355 1132 395 1163 Ι).
443 1130 596 1174 σμικρὰ
625 1131 863 1174 δοκοῦντα]
890 1132 1082 1165 δοκούντων
1108 1137 1147 1166 Α.
1174 1139 1208 1166 et
1232 1143 1283 1175 pr.
1315 1132 1352 1164 Ω.

353 1179 454 1216 ποιῇ
479 1176 576 1213 τούς
605 1175 782 1220 νόμους]
810 1178 920 1210 Editt.
946 1183 1024 1211 ante
1049 1178 1168 1220 Stepll.
1198 1182 1298 1210 ποιεῖ.

351 1218 455 1254 Ἀλλ’
488 1220 629 1264 ὀρθῶς
654 1220 700 1254 ου’
724 1234 768 1263 γε
795 1223 959 1265 λέγεις]
996 1221 1037 1255 οὗ
1060 1235 1096 1255 ἰε
1121 1223 1226 1265 λέγεις
1253 1223 1399 1256 Beklx'el'.
1427 1222 1594 1254 nescimus

263 1279 304 1300 an
330 1277 372 1301 ex
397 1266 498 1299 codd.
546 1265 616 1298 Sed
641 1277 670 1298 v.
698 1268 873 1309 explicati.

354 1309 430 1351 τὴν
460 1314 538 1342 τοῦ
569 1311 647 1352 τρί’
683 1312 753 1352 ἔτη
789 1312 841 1355 γ.]
879 1317 997 1356 τριετῆ
1032 1314 1076 1345 A.
1108 1311 1146 1345 Ω.
1173 1323 1203 1344 v.
1232 1312 1253 1344 f.
1280 1311 1310 1344 ll.
1337 1322 1361 1343 r.
1387 1322 1417 1344 a.
1444 1312 1475 1344 δ.
1503 1324 1534 1346 o.
1559 1322 1592 1346 X.

264 1357 355 1392 unde
386 1356 530 1389 Bekker.
559 1356 622 1399 τρί’
652 1358 708 1398 ἕιη
733 1357 824 1391 fecit.
852 1359 947 1390 Vett.
975 1358 1069 1391 editt.
1096 1361 1159 1389 τοῦ
1183 1360 1350 1400 τριετοῦς.

353 1402 396 1433 Ε.
452 1405 540 1436 τοῖς
577 1402 730 1432 νεωστὶ
769 1402 1082 1445 τρεφομένοις]
1122 1403 1158 1434 V.
1190 1406 1266 1438 ταῖς
1298 1415 1325 1433 ν.
1358 1404 1593 1445 τρεφομέναις,

262 1457 329 1481 uno
355 1445 432 1479 cod.
456 1447 493 1477 Ξ.
520 1447 767 1479 consentiente.

356 1492 546 1524 παιδιῶν
583 1492 676 1524 δέον
717 1490 766 1522 ἂν
801 1491 887 1532 εἴη]
925 1492 964 1523 V.
999 1492 1158 1529 παιδίων,
1190 1494 1378 1525 reluctante
1413 1491 1591 1523 sententia.

263 1536 423 1570 Correxit
449 1536 574 1568 Astius.

263 1656 334 1679 cre
372 1644 535 1677 fuerint
583 1644 893 1684 inaedificata,
962 1646 1070 1680 λίιαις
1095 1645 1199 1689 αὐτῷ.
1244 1646 1493 1687 Loqnutionem
1511 1656 1589 1687 pro-

265 1691 427 1733 prisois
453 1691 644 1722 nimirum
672 1691 894 1732 collapsis.

265 1736 339 1768 Non
380 1735 504 1767 habere
542 1735 626 1767 lianc
666 1736 825 1776 propriae
860 1739 895 1767 et

264 1781 452 1813 translatae
466 1781 627 1812 orationis
643 1781 893 1819 confusionem,

263 1826 353 1867 quod
379 1835 479 1866 quem
506 1829 609 1866 queat
627 1825 814 1863 offendere,
843 1827 893 1857 vel

264 1881 306 1904 ex
330 1871 390 1909 iis,
423 1870 563 1911 opinor,
595 1870 711 1902 licebit
742 1870 895 1911 intelligi,

262 1926 353 1958 quae
377 1914 420 1947 de
445 1914 564 1947 eadem
597 1915 729 1947 ratione
753 1915 894 1956 scripsi-

264 1971 338 1994 mus
361 1960 404 1992 nd
433 1960 568 1992 Menex.
596 1971 627 2001 p.
647 1960 728 1994 246.
745 1960 784 1991 Β.
816 1960 893 1992 Phi-

262 2006 329 2039 leb.
372 2016 404 2047 p.
436 2004 492 2039 58.
530 2005 567 2037 B.
613 2005 719 2048 Legg.
757 2005 818 2037 IV.
860 2016 891 2046 p.

263 2050 340 2086 717.
377 2053 416 2081 A.
466 2051 516 2082 De
545 2049 632 2080 ἄλλα
665 2056 699 2082 et
729 2049 824 2091 ἕτερα
860 2051 892 2082 in

263 2095 374 2128 verbis
404 2097 545 2126 κεῖσθαι
575 2094 663 2126 ἄλλα
688 2093 752 2136 ὑφ’
777 2095 894 2134 ἑτέρων

262 2140 463 2173 consociato
501 2139 649 2171 diximus
680 2140 722 2172 ad
757 2140 891 2171 Politic.

262 2197 293 2227 p.
326 2185 404 2218 262.
438 2190 477 2216 Α.
516 2184 644 2216 Phileb.
685 2196 717 2227 p.
755 2185 809 2219 52.
853 2186 891 2216 Β.

261 2231 370 2271 Soph.
397 2240 429 2270 p.
455 2228 532 2262 224.
559 2229 598 2260 D.

308 2275 348 2308 C.
397 2285 462 2305 σοι.
508 2275 574 2305 δεῖ
619 2272 694 2312 τὴν
744 2272 891 2316 πόλιν]

262 2319 417 2353 Ethicum
436 2319 522 2351 hunc
546 2318 696 2351 dativum
724 2328 790 2351 non
815 2329 891 2352 cum

261 2375 329 2397 uno
357 2363 421 2404 τὴν
445 2362 546 2395 πόλιν
571 2363 775 2403 iungendum
814 2374 891 2396 cen-

262 2419 387 2449 semus,
412 2419 502 2450 quae
529 2409 637 2440 Astii
661 2408 728 2440 'fuit
752 2415 892 2442 senten-

261 2457 320 2492 tia,
347 2453 409 2487 sed
425 2453 609 2485 cohaerere
627 2457 786 2494 putamus
812 2464 887 2485 cum

260 2501 422 2534 universo
447 2497 510 2530 lioc
530 2499 697 2531 orationis
724 2499 890 2538 membro,

261 2546 313 2577 δεῖ
335 2543 399 2584 τὴν
420 2542 521 2575 πόλιν
546 2561 589 2567 --
612 2544 751 2581 ξυνδεῖν,
775 2549 813 2575 ut
833 2543 887 2575 lv.

263 2602 296 2632 p.
313 2589 390 2624 712.
409 2588 446 2620 Β.
465 2587 546 2619 VII.
565 2588 642 2622 721.
661 2588 700 2620 Ε.
727 2590 767 2630 τῇ
792 2587 890 2621 πόλει

263 2646 328 2672 σοι,
355 2638 390 2667 et
414 2633 474 2665 VI.
502 2643 533 2675 p.
560 2633 635 2666 767.
664 2633 703 2665 Ε.
731 2636 803 2670 τοῖς
826 2644 901 2665 rio-2

961 1691 1143 1723 verbialem
1168 1689 1253 1731 μήτε
1278 1694 1364 1733 μέγα
1399 1688 1486 1731 μήτε
1514 1704 1590 1734 σμι-

960 1734 1039 1775 κρόν
1065 1736 1304 1768 illustravimus
1333 1735 1374 1767 ad
1402 1735 1532 1768 Pliileb.
1558 1747 1589 1778 p.

961 1780 1016 1813 21.
1044 1781 1083 1811 Ι).

1009 1825 1048 1856 Ι).
1088 1824 1186 1857 Ἀλλ’
1219 1823 1362 1866 ὀρθῶς
1389 1823 1436 1856 σύ
1461 1836 1503 1866 γε
1529 1826 1590 1857 λε’·

960 1881 1001 1911 γε
1015 1882 1049 1906 ις
1073 1870 1133 1911 —]
1163 1869 1229 1902 Hic
1254 1871 1374 1902 vellem
1403 1869 1444 1901 ad
1471 1878 1590 1902 manus

962 1919 1078 1947 essent
1125 1916 1223 1947 nobis
1270 1915 1389 1956 copiae
1427 1915 1588 1954 Raetii,

961 1969 1046 2000 quas
1071 1960 1112 1992 ad
1139 1960 1224 1992 hunc
1256 1960 1376 1991 librum
1403 1971 1505 2002 aegre
1530 1960 1588 1993 de-

961 2005 1167 2037 sideramus.
1180 2005 1233 2037 Be
1246 2005 1265 2036 k
1276 2005 1376 2037 keru
1388 2015 1403 2035 s
1423 2006 1508 2038 enim
1525 2016 1589 2046 pro

959 2061 1012 2091 γε,
1038 2049 1131 2091 quod
1156 2060 1232 2082 cum
1260 2048 1377 2091 Stepb.
1405 2050 1505 2083 etiam
1533 2061 1588 2083 re-

960 2095 1072 2136 liquae
1108 2099 1189 2127 vett.
1216 2094 1312 2126 editt.
1337 2099 1493 2135 tuentur,
1527 2095 1586 2128 ‹le-

959 2140 1009 2172 dit
1039 2151 1094 2176 τε,
1125 2140 1203 2172 nihil
1236 2149 1376 2172 monens
1407 2139 1450 2171 de
1484 2140 1586 2174 codd.

960 2185 1051 2217 uude
1076 2185 1139 2216 lioc
1162 2189 1308 2216 sumtum
1329 2184 1383 2223 sit,
1410 2189 1447 2216 ut
1471 2185 1587 2217 facere

959 2230 1031 2262 fere
1071 2231 1180 2270 solet,
1217 2229 1273 2261 ubi
1310 2229 1412 2261 codd.
1452 2240 1585 2269 omnes,

958 2275 1082 2316 quibus
1106 2284 1186 2306 usus
1210 2278 1280 2312 est,
1306 2273 1350 2305 de
1375 2279 1515 2316 recepta
1540 2275 1586 2306 ab

958 2330 997 2352 se
1028 2321 1196 2361 scriptura
1233 2319 1460 2350 consentiunt.
1513 2320 1584 2352 Ve-

957 2375 1031 2397 rum
1059 2365 1102 2396 de
1127 2363 1191 2395 linc
1219 2364 1444 2396 consensione
1469 2364 1524 2395 hic
1547 2369 1586 2396 ut
1634 2390 1635 2395 ,

957 2410 1102 2442 nonnihil
1145 2408 1356 2448 dubitemus,
1396 2408 1477 2440 facit
1513 2408 1584 2441 Fu-

957 2455 1050 2486 riae
1080 2457 1114 2484 et
1137 2454 1282 2485 aliorum
1313 2453 1356 2485 de
1381 2454 1518 2495 reliquis
1544 2455 1584 2486 li-

956 2499 1025 2531 bris
1049 2498 1228 2531 silentium.
1277 2498 1448 2536 Quocirca
1480 2499 1512 2530 in
1547 2508 1584 2531 re

956 2544 1054 2576 dubia
1080 2544 1187 2574 satius
1213 2543 1320 2575 visum
1347 2547 1420 2583 est,
1447 2547 1582 2575 vetusto

955 2589 1008 2621 isti
1031 2600 1068 2630 ys
1094 2589 1194 2620 etiam
1217 2598 1320 2629 porro
1347 2589 1456 2620 locum
1483 2597 1580 2621 suum

953 2643 1167 2667 conservare.
1217 2634 1430 2675 Quamquam
1456 2643 1491 2664 τε
1517 2642 1582 2665 non
