1644 2886
139 88 218 130 DE
253 86 523 130 LEGIBUS
559 85 676 128 LIB.
713 84 816 128 VII.
855 85 903 126 P.
940 85 1032 127 796.
1066 76 1157 124 79'7.
1192 82 1255 126 St.
1316 84 1396 124 285

153 204 265 264 Cap.
302 202 410 249 Vll.
479 206 580 248 Ab).
651 207 772 260 Φημὶ
823 203 936 247 κατὰ
980 204 1127 252 πασας
1163 202 1309 251 πόλεις
1345 200 1395 242 τὸ

52 274 138 317 τῶν
185 275 374 318 παιδιῶν
415 277 539 327 γένος
582 271 844 326 ἠγνοῆσθαι
884 271 1102 326 ξύμπασιν
1136 267 1205 313 ὅτι
1241 269 1398 325 nuptui·

50 338 187 385 τατόν
221 346 312 385 ἐστι
347 343 443 396 περὶ
481 342 644 390 θέσεως
677 338 838 395 νόμων,
860 336 886 391 ἢ
919 341 1135 394 μονίμους
1161 336 1273 381 εἶναι
1294 334 1396 387 τοὺς

48 411 265 460 τεθέντας
299 405 325 460 ἢ
360 406 435 463 μὴ.
473 410 647 464 ταχθὲν
681 409 761 463 μὲν
795 406 882 462 γαρ
918 404 1030 449 αὐτὸ
1068 407 1140 447 καὶ
1174 403 1396 460 μετασχὸν

50 478 128 520 τοῦ
175 473 230 519 τὰ
278 474 397 518 αὐτὰ
443 476 557 518 κατα
593 474 649 518 τὰ
685 473 802 518 αὐτὰ
839 476 912 518 καὶ
950 471 1154 524 ὠςαύτως
1189 471 1259 516 ἀεὶ
1294 470 1399 522 τοὺς

49 543 215 594 αὐτοὺς
250 545 419 596 παίζειν
454 559 498 587 τε
533 545 606 586 καὶ
642 541 951 598 εὐθυμεῖσθαι
986 548 1081 591 τοῖς
1115 539 1274 591 αὐτοῖς
1294 557 1397 582 παι-

47 614 186 667 γνίοις
221 611 274 667 ἐᾷ
307 613 381 654 καὶ
409 609 464 654 τά
502 612 671 670 σπονδῇ
692 613 866 665 κείμενα
889 609 1056 664 νόμιμα
1078 613 1222 662 μένειν
1244 606 1397 668 ἡσυχῇ,

49 678 284 734 κινούμενα
320 680 365 721 δὲ
402 676 456 720 τὰ
480 677 596 721 αὐτα
624 681 695 721 καὶ
717 675 1106 732 καινοτομούμενα
1126 678 1400 732 μεταβολαῖς

49 763 94 789 τε
137 742 295 797 ἄλλαις
342 745 411 789 ἀεὶ
450 742 676 802 χρώμενα,
720 748 795 788 καὶ
837 746 1053 799 μηδέποτε
1097 742 1241 786 ταύτά
1286 745 1396 801 φίλα

49 811 466 869 προςαγορενόντων
501 814 588 856 τῶν
613 816 733 864 νέων,
754 811 856 868 μήτ’
897 817 944 855 ἐν
975 810 1166 867 σχήμασι
1185 819 1282 860 ταῖς
1308 812 1397 853 τῶν

48 879 197 923 αὐτῶν
228 878 443 936 σωμάτων
476 877 586 936 μήτε
620 886 681 924 ἐν,
701 889 796 931 τοῖς
829 877 984 930 ἄλλοις
1019 878 1214 922 σκεύεσιν
1233 877 1397 937 ὁμολο-

47 953 268 1004 γουμένως
302 946 456 998 αὐτοῖς
489 947 559 991 ἀεὶ
587 950 768 992 κεῖσθαι
799 950 848 991 τό
884 946 928 990 τ’
970 945 1189 1002 εὔσχημον
1233 949 1306 989 καὶ
1342 943 1397 988 ἄ-

49 1030 230 1072 σχημον,
253 1014 367 1058 ἀλλὰ
390 1015 471 1059 τόν
490 1032 533 1058 τι
565 1019 664 1059 νέον
699 1013 767 1059 ἀεὶ
802 1016 1163 1070 καινοτομοῦντα
1200 1016 1274 1058 καὶ
1310 1019 1394 1065 εἰς·

47 1089 242 1141 φέροντα
278 1085 366 1126 τῶν
401 1081 632 1126 εἰωθότων
661 1088 810 1138 ἕτερον
853 1081 968 1126 κατά
1003 1099 1050 1125 τε
1085 1079 1288 1138 σχήματα
1322 1083 1396 1126 καὶ

43 1149 259 1208 χρώματα
304 1152 378 1194 καὶ
421 1148 572 1193 πάντα
616 1148 700 1195 ὅσα
734 1152 935 1200 τοιαῦτα,
970 1151 1132 1194 τοῦτον
1166 1151 1396 1206 τιμᾶσθαι

3 1248 12 1254 -
49 1216 374 1278 διαφερόντως,
422 1217 586 1263 τούτου
631 1217 755 1262 πόλει
798 1218 945 1274 λώβην
995 1217 1075 1262 οὐκ
1121 1216 1396 1274 εἶναιμείζω

141 1384 180 1416 Β.
229 1383 329 1416 κατὰ
355 1383 399 1416 τὰ
423 1382 529 1416 αὐτὰ
555 1387 621 1417 καὶ
647 1383 868 1428 [ὖςαύτως]
899 1383 939 1417 τὰ
963 1396 1030 1417 om.
1060 1386 1098 1418 A.
1125 1388 1158 1416 et
1181 1394 1233 1426 pr.
1262 1380 1301 1415 Ω.

138 1431 399 1473 μεταβολαῖς
424 1442 462 1463 τε
487 1429 649 1475 ἄλλοις]
679 1444 711 1464 τε
737 1433 790 1464 καὶ
820 1431 934 1471 ἄλλοις
960 1432 1033 1464 Rie.

372 1484 383 1495 Ο

47 1581 123 1612 fieri
147 1581 289 1613 assolet.
313 1583 367 1614 Ac
379 1582 528 1624 primum
544 1583 683 1624 quidem

46 1637 112 1668 pro
142 1628 298 1659 subiecto
324 1624 420 1666 αὑτό,
444 1629 478 1660 h.
497 1639 526 1660 e.
554 1628 592 1660 τὸ
617 1629 684 1660 τῶν

47 1671 191 1705 παιδιῶν
216 1673 327 1716 γένος,
351 1675 443 1707 nuno
466 1676 596 1716 plurali
620 1686 681 1707 nu-

47 1730 143 1752 mero
158 1721 382 1762 subiungitur
400 1722 438 1753 τὰ
458 1718 544 1753 αὐτὰ
568 1720 683 1754 κινού-

47 1777 130 1806 μενα
161 1778 190 1798 κ.
230 1778 256 1798 τ.
285 1768 312 1800 2.
366 1766 470 1806 Quod
500 1769 566 1799 etsi
595 1769 683 1800 nihil

46 1813 152 1845 habet
173 1814 352 1852 inusitati,
377 1820 494 1845 tamen
524 1815 684 1846 animad-

49 1860 211 1890 versione
233 1869 306 1891 non
331 1860 511 1900 indignum
534 1861 685 1901 videtur,

50 1906 179 1946 quippe
205 1916 275 1946 quo
299 1907 458 1946 neglecto
479 1916 602 1938 sensus
618 1908 687 1938 loci

49 1952 144 1983 nullo
170 1953 277 1983 modo
302 1953 435 2005 percipi
454 1958 548 1984 recte
560 1958 687 1994 potest.

49 1996 119 2029 Sed
144 1997 226 2029 huie
250 1999 317 2040 ipsi
341 1999 498 2030 subiecto
522 2000 616 2040 quod
630 2010 687 2031 ac-

46 2045 259 2076 commodari
287 2045 409 2077 debuit
435 2046 687 2086 praedicatum,

46 2091 82 2122 id
107 2095 188 2131 post
211 2092 409 2132 longiorem
437 2093 610 2124 sermonis
633 2093 685 2124 in-

47 2138 306 2178 tercapedinem
371 2139 522 2180 denique
584 2140 687 2171 aliter

48 2185 249 2216 enuntiatur
279 2187 384 2226 atque
413 2185 556 2227 proprie
579 2195 686 2227 opor·

48 2230 124 2262 tuit.
184 2230 277 2262 Nam
318 2241 383 2287 pro
420 2229 548 2263 τούτου
591 2229 686 2263 πόλει

47 2275 164 2318 λώβην
199 2288 266 2309 ουκ
299 2273 386 2309 εἶναι
426 2278 527 2320 μείζω
562 2282 686 2318 φαῖμεν

48 2319 91 2354 ἄν
128 2322 306 2364 ὀρθότατα
335 2323 507 2366 λέγοντες,
532 2325 685 2357 instituti

49 2371 218 2403 sermonis
240 2371 381 2402 ratione
398 2381 507 2413 usque
532 2381 609 2403 serv
614 2376 684 2412 ata,

50 2415 119 2447 dici
145 2417 267 2459 utique
295 2417 461 2450 debebat:
493 2415 590 2449 πόλει
620 2416 682 2450 λώ-

50 2460 119 2502 βην
149 2464 304 2504 μεγίστην
334 2463 452 2506 φέρειν
487 2467 610 2506 φαῖμεν
640 2461 683 2496 ἂν

51 2519 79 2538 κ.
114 2518 139 2538 t.
170 2507 197 2540 λ.
242 2508 346 2542 Nunc
373 2515 490 2542 autem
520 2511 559 2542 in
584 2512 683 2543 verbi

48 2554 155 2586 activi
190 2554 306 2587 locum
345 2556 491 2589 suffecta
531 2559 684 2590 formula

49 2604 112 2640 est,
127 2611 216 2642 qnae
227 2600 333 2633 habet
355 2612 495 2635 sensum
516 2604 682 2637 intransi-

49 2647 168 2686 tivum,
182 2657 283 2690 quem
301 2648 407 2689 vulgo
425 2650 546 2682 dicunt
569 2661 683 2693 gram-

51 2693 176 2725 matici.
230 2693 419 2728 Praeterea
454 2706 536 2729 vero
560 2700 680 2731 ‘etiam

751 1593 840 1625 quae
865 1584 955 1615 inter
970 1581 1164 1614 subiectum
1189 1580 1394 1621 primarium

751 1635 854 1671 atque
878 1630 1118 1671 praedicatum
1142 1628 1328 1660 interiecta
1343 1628 1393 1659 le-

750 1682 897 1718 guntur,
951 1675 1162 1708 insolentius
1217 1675 1394 1706 enuntiari

750 1728 914 1765 apparet,
954 1720 1241 1764 quandoquidem
1276 1722 1395 1753 activa

750 1775 784 1801 et
806 1770 950 1811 passiva
981 1769 1088 1800 verba
1118 1768 1211 1800 inter
1241 1777 1280 1800 se
1309 1768 1394 1799 libe-

749 1817 824 1847 rius
849 1819 1063 1847 commutata
1082 1818 1175 1846 sunt.
1206 1813 1299 1846 Nam
1302 1818 1396 1868 'post

752 1859 936 1901 κινούμενα
991 1861 1045 1892 καὶ
1098 1870 1395 1900 καίνθϊθμουμενα

754 1909 918 1949 deinceps
952 1909 1096 1948 ponitur
1125 1907 1303 1947 genitivus
1319 1904 1394 1938 ab-

753 1955 888 1986 solutus
942 1950 1276 1995 προςαγορευόντων
1327 1963 1394 1984 των

754 1999 852 2037 νέων,
869 2011 974 2042 quum
998 2001 1099 2041 pergi
1124 2000 1302 2031 debuisset
1325 2000 1393 2032 sic:

754 2048 808 2078 καὶ
825 2046 994 2088 μηδέποτε
1007 2043 1111 2079 ταύτὰ
1128 2042 1175 2077 ὥς
1190 2046 1272 2086 φίλα
1287 2054 1392 2088 προε-

753 2092 988 2135 αγορευόμειά
1002 2090 1071 2125 ὑπὸ
1083 2092 1149 2124 τῶν
1162 2092 1266 2124 νέων-
1279 2091 1392 2128 Porro

751 2146 833 2182 post
858 2141 923 2171 τῶν
953 2140 1040 2171 νέων
1065 2144 1236 2171 commate
1266 2139 1394 2172 distin-

751 2188 880 2218 ximus.
933 2187 1075 2218 Etenim
1106 2187 1165 2228 qui
1196 2190 1393 2227 sequuntur

751 2233 917 2265 infinitivi
942 2233 1078 2265 κεῖσθαι
1103 2238 1138 2264 et
1162 2232 1343 2272 τιμᾶσθαι,
1366 2233 1393 2265 ii

750 2281 858 2321 positi
890 2286 973 2311 sunt
1002 2280 1148 2322 perinde
1177 2289 1218 2311 ac
1248 2280 1278 2311 si
1309 2276 1392 2312 ὢειε

750 2331 831 2358 ante
844 2324 917 2368 μήτ’
946 2325 983 2358 ἐν
997 2323 1141 2368 σχήμασι
1152 2325 1392 2367 praecederet,

752 2374 813 2414 qui
841 2383 925 2405 usus
957 2373 1122 2405 infinitivi
1146 2373 1183 2404 in
1210 2372 1266 2405 his
1290 2373 1391 2405 libris

749 2419 966 2460 frequentior
997 2425 1066 2459 est3
1101 2430 1134 2450 v.
1167 2418 1213 2451 ad
1242 2429 1278 2460 p.
1310 2418 1389 2453 799.

748 2466 795 2497 A.
842 2466 973 2498 Veram
997 2466 1184 2498 verborum
1208 2465 1392 2507 interpun-

749 2513 911 2550 ctionem,
935 2513 1006 2544 iam
1029 2523 1052 2544 a
1072 2515 1159 2544 vett.
1185 2511 1285 2544 editt.
1309 2522 1390 2554 sup-

748 2559 957 2599 peditatum,
988 2559 1115 2600 nuperi
1143 2558 1298 2590 editores
1328 2569 1390 2591 eur

749 2605 978 2644 deseruerint,
990 2615 1057 2638 nos
1074 2605 1226 2646 ingenue
1239 2604 1389 2637 fatemur

748 2662 820 2684 non
867 2652 1075 2692 intelligere.
1134 2650 1300 2693 Denique
1341 2651 1387 2684 de

750 2699 873 2731 τοῦτον
898 2699 1107 2740 pronomine
1133 2702 1215 2739 post
1229 2695 1289 2730 τὸν
1312 2708 1384 2730 και-
