1644 2886
197 224 232 266 C

200 896 239 936 D

246 110 340 151 '434

736 106 1104 148 PLATole

264 226 409 275 ἐσμεν,
446 222 750 264 ἐναντιοῦνται
788 220 1088 262 παντάπασιν.
1127 225 1162 263 εὶ
1197 220 1278 276 γάρ
1317 237 1379 270 τις
1411 221 1596 264 ἀκολου-

262 289 364 329 θῶν
401 289 450 345 τῇ
488 284 616 343 φύσει
652 286 787 337 θήσει
822 286 900 328 τὸν
937 285 1022 340 πρὸ
1062 287 1141 328 τοῦ
1165 289 1310 329 Λαΐου
1346 284 1497 341 νόμον,
1533 290 1596 330 λέ·

264 369 350 405 γων
394 350 452 400 ὡς
494 350 649 406 ὀρθῶς
693 351 774 407 εἶχε
817 351 868 395 τὸ
917 353 1005 393 τῶν
1048 350 1247 408 ἀρρένων
1291 356 1364 395 καὶ
1399 358 1505 396 νέων
1538 349 1595 406 μὴ

264 425 487 460 κοινωνεῖν
523 416 737 473 καθάπερ
776 419 970 469 θηλειῶν
1007 417 1118 472 πρὸς
1151 417 1267 472 μῖξιν
1312 417 1599 474 ἀφροδισίων,

263 483 466 539 μάρτυρα
502 483 809 538 παραγόμενος
844 482 924 532 τὴν
950 485 1036 524 τῶν
1065 485 1237 537 θηρίων
1259 482 1488 540 φύσινκαὶ
1515 485 1596 524 ‹52⁶-

266 548 368 599 κνὺς
390 548 500 603 πρὸς
523 550 578 591 τοὶ
609 551 797 592 τοιαῦτα
825 548 904 602 οὐχ
935 548 1190 599 ἀπτόμενον
1225 546 1390 603 ἄρρενα
1412 548 1599 606 ἄρρενος

267 612 338 658 διὰ
375 613 423 657 τὸ
461 613 520 669 μὴ
553 614 682 671 φύσει
717 616 852 658 τοῦτο
890 613 1013 663 εἶναι,
1051 612 1146 669 τάχ’
1188 611 1247 655 ἂν
1283 617 1428 669 χρῷτο
1457 618 1599 657 πιθα·

268 681 328 735 νῷ
363 679 479 734 λόγῳ
517 683 590 723 καὶ
628 688 724 730 ταῖς
761 678 986 735 ὑμετέραις
1032 679 1229 723 πόλεσιν»
1251 680 1456 734 οὐδαμῶς
1499 680 1600 734 ξυμ·

267 754 425 803 φωνοῖ.
471 745 584 801 πρὸς
627 749 673 788 δὲ
716 747 912 794 τούτοις,
958 744 981 788 ὃ
1029 745 1099 788 διὰ
1138 745 1305 794 παντός
1336 761 1482 802 φαμεν
1513 748 1602 788 δεῖν

271 811 351 855 τὸν
385 814 642 866 νομοθέτην
677 820 836 869 τηρεῖν,
872 813 1005 853 τοῦτο
1040 816 1085 853 ὲν
1119 811 1296 861 τούτοις
1331 812 1412 866 οὐχ
1446 810 1603 865 ὁμολο-

271 886 359 932 γεῖ.
407 879 619 932 ζητοῦμεν
661 876 745 931 γὰρ
791 876 860 919 ἀεὶ
909 875 975 928 δή,
1015 879 1056 919 τί
1101 879 1185 919 τῶν
1223 881 1463 933 τιθεμένων
1493 874 1603 932 πρὸς

270 941 438 998 ἀρετὴν
476 948 596 1001 φέρει
631 946 703 986 καὶ
738 947 780 985 τί
814 941 885 993 μή.
920 947 1021 1000 φέρε
1057 944 1123 993 δή,
1162 945 1293 985 τοῦτο
1329 941 1409 985 ἐὰν
1443 957 1600 997 συγχω·

360 1117 400 1148 C.
451 1116 520 1148 τὸν
555 1115 633 1156 πρὸ
667 1118 739 1148 τοῦ
766 1116 902 1148 Λαΐου
935 1114 1083 1157 νόμον]
1111 1116 1173 1147 τοῦ
1199 1116 1328 1147 habent
1354 1117 1396 1147 A.
1427 1112 1465 1146 Ω.
1491 1125 1521 1148 a.
1547 1125 1602 1145 su-

271 1164 464 1204 perscripto
490 1160 569 1203 πρό.
595 1163 730 1193 Diserte
756 1160 822 1202 πρὸ
849 1162 910 1193 τοῦ
936 1161 977 1193 A.
1007 1162 1082 1194 Vat.
1108 1162 1130 1192 f.
1152 1162 1225 1194 uic.
1251 1162 1285 1192 h.
1311 1159 1340 1192 δ.
1362 1172 1391 1191 ο.
1415 1161 1507 1191 unde
1533 1160 1605 1195 τοῦ,

274 1209 378 1249 vulgo
401 1210 608 1248 neglectum,
632 1209 848 1240 restituimus
872 1208 1168 1239 consentientibus
1186 1207 1446 1238 'I‘uricensibus.
1477 1206 1604 1236 Exi-rn-

273 1257 317 1285 sit
342 1264 461 1285 rursus
488 1254 674 1284 Hermann.

364 1296 439 1330 τὸν
463 1298 707 1339 νομοθέτην
733 1298 898 1339 τηρεῖν]
925 1300 1034 1338 τηρεῖν
1061 1299 1102 1328 Α.
1126 1301 1159 1328 et
1181 1294 1218 1328 Ω.
1246 1306 1352 1337 marg.
1380 1301 1414 1327 et
1433 1307 1462 1327 a.
1489 1295 1604 1327 Ceteri

274 1438 326 1464 tes
367 1436 401 1464 et
442 1433 760 1472 Lacedaemonios,
803 1435 907 1465 etium

274 1478 414 1510 aliunde
450 1484 597 1510 constat.
634 1490 666 1510 v.
698 1479 735 1509 M
752 1478 796 1509 iil
815 1481 826 1510 l
847 1488 908 1511 er.

275 1524 457 1555 Dorieuss.
490 1525 568 1556 Vol.
599 1524 649 1555 Π.
680 1534 714 1564 p.
741 1523 807 1558 295
830 1534 904 1565 sqq.

974 1433 1123 1464 liceat.
1159 1431 1325 1463 Formnla
1348 1431 1519 1471 reperitur
1544 1431 1606 1460 eti-

975 1488 1030 1510 am
1070 1477 1267 1508 Parmenid.
1301 1487 1334 1517 p.
1362 1476 1442 1516 ⁷137.
1476 1475 1517 1506 B.
1547 1476 1606 1506 ubi

976 1523 1124 1554 inferius
1148 1523 1266 1562 paullo
1294 1522 1486 1562 explicatur
1510 1519 1608 1559 ἐσμὲν

276 1569 420 1600 Hoeck
439 1569 491 1600 De
504 1568 608 1600 Creta
625 1569 738 1600 insula
757 1569 835 1600 Vol.
850 1569 908 1600 ΙΙΙ.

275 1624 308 1654 p.
332 1613 411 1646 111.
437 1624 513 1654 sqq.
536 1631 575 1637 -
602 1613 679 1647 118.
728 1614 908 1645 Becker.

277 1658 429 1690 Charicl.
470 1659 546 1692 Vol.
583 1658 612 1691 I.
647 1669 679 1699 p.
716 1658 794 1692 346.
832 1668 906 1699 sqq.

276 1703 450 1735 Krause
481 1702 660 1744 Gymnast.
685 1708 719 1735 et
744 1705 906 1745 Agonist.

278 1749 358 1781 Vol.
382 1749 428 1780 11.
453 1759 485 1789 p.
511 1749 583 1783 657
609 1759 687 1790 sqq.
713 1753 747 1780 et
770 1760 803 1790 p.
827 1748 906 1783 943.

277 1804 354 1835 sqq.
380 1793 448 1831 Qui
474 1794 614 1834 quidem
640 1805 759 1826 omnes
785 1795 827 1825 de
843 1795 908 1825 hac

277 1849 314 1871 re
346 1840 383 1870 in
417 1841 531 1870 varias
563 1844 680 1880 partes
713 1840 910 1880 disputave-

278 1889 369 1916 runt.
427 1884 528 1915 Hunc
559 1894 643 1916 vero
670 1885 828 1916 Platonis
859 1885 911 1915 lo-

278 1940 355 1961 cum
381 1938 458 1960 esse
481 1930 664 1969 eiusmodi,
690 1935 727 1960 ut
742 1931 826 1961 satis
845 1930 912 1960 cla-

279 1986 316 2006 re
341 1975 589 2015 turpitudinem
622 1979 720 2006 notet
751 1976 787 2006 in
823 1985 911 2006 mas-

280 2021 437 2051 culorum
458 2030 574 2051 amore
592 2022 825 2061 conspicuam,
840 2029 911 2051 eer-

277 2072 310 2097 te
332 2075 432 2097 nemo
448 2070 577 2097 temere
602 2066 745 2097 infitiari
761 2065 911 2097 audebit.

276 2111 397 2142 Paullo
422 2115 503 2142 ante
521 2121 586 2151 pro
613 2107 808 2142 ἀλλοίους
833 2111 911 2142 τῶν

278 2155 442 2186 πολλῶν
473 2153 663 2197 τρόπων,
694 2156 866 2188 alienos
890 2165 912 2186 a

278 2201 510 2232 multorum
535 2202 742 2239 moribus,
757 2202 910 2232 Aetius

277 2246 495 2278 conficiebat:
540 2242 698 2276 ἀλλοίους
733 2247 798 2276 τῶν
844 2246 910 2276 ταῖν

280 2291 412 2323 πολλῶν
433 2289 578 2329 σρόπων;
597 2288 702 2322 Male.
729 2290 907 2332 Nusquam

279 2337 370 2371 enim
397 2337 551 2368 melioris
570 2337 695 2368 aetatis
720 2337 908 2377 scriptores

278 2381 463 2413 articulum
494 2382 616 2413 eodem
640 2382 677 2412 in
702 2390 784 2413 casu
800 2398 802 2400 v
818 2382 911 2422 posi-

280 2433 352 2458 tum
386 2427 455 2457 isto
491 2427 596 2458 modo
633 2427 910 2467 geminaverant.

281 2483 312 2503 v.
340 2471 386 2503 ad
410 2470 519 2512 Gorg.
542 2482 574 2512 p.
600 2470 679 2505 481.
708 2471 752 2502 D.

325 2512 450 2548 αὐτοὶ
480 2514 556 2558 γάρ
595 2515 713 2556 ἑσμε
729 2516 775 2559 ν]
813 2515 910 2548 Soli

281 2563 390 2594 enim
407 2571 564 2601 sumus,
592 2566 635 2593 ut
652 2562 831 2594 remotis
849 2571 910 2593 ar-

280 2607 408 2640 bitris
433 2608 695 2639 sententiam
719 2611 909 2639 nostram

284 2652 418 2684 libere
449 2658 488 2683 et
521 2657 668 2692 aperte
701 2653 908 2692 proloqui

975 1567 1070 1606 μόνω
1095 1567 1132 1597 ἑν
1156 1566 1284 1608 ἐρημίᾳ.
1311 1567 1491 1607 Aristopb.
1515 1565 1607 1597 The-

976 1613 1154 1653 smophor.
1178 1622 1209 1642 v.
1229 1611 1309 1645 478.
1343 1609 1440 1643 αὐταὶ
1465 1609 1527 1652 γάρ
1553 1609 1606 1641 ἐσ-

974 1657 1047 1697 μέν.
1073 1657 1225 1688 Achai-n.
1250 1667 1281 1689 v.
1307 1656 1386 1690 505.
1423 1653 1520 1687 αὐτοὶ
1545 1654 1610 1697 γάρ

976 1702 1084 1742 ἐσμεν.
1112 1702 1355 1733 Terentius
1385 1702 1522 1733 Phorm.
1550 1701 1606 1732 lv.

975 1748 1006 1781 3.
1023 1747 1080 1781 28.
1106 1748 1192 1778 soli
1226 1757 1367 1778 sumus
1391 1757 1504 1778 nunc
1526 1745 1607 1777 hic.

976 1792 1129 1824 Cicero
1155 1792 1209 1823 De
1234 1792 1378 1824 divinat.
1399 1791 1508 1825 n.12.
1535 1793 1608 1823 sed

977 1839 1060 1870 soli
1097 1847 1240 1869 sumus
1254 1861 1262 1877 ‚
1303 1838 1376 1868 lic
1390 1842 1436 1868 et
1468 1844 1610 1868 verum

976 1884 1216 1924 exquirere
1258 1882 1370 1914 sine
1403 1883 1609 1913 invidia.

981 1929 1087 1960 Plura
1105 1928 1184 1959 vide
1206 1928 1253 1959 sis
1278 1928 1368 1969 apud
1393 1928 1566 1959 Hemste
1578 1937 1611 1958 r-

979 1975 1067 2005 hus.
1095 1973 1139 2004 ad
1163 1973 1309 2004 Lucian.
1333 1972 1379 2003 D.
1395 1972 1441 2003 D.
1465 1971 1505 2004 T.
1527 1972 1556 2004 1.
1577 1980 1610 2013 p.

978 2018 1057 2052 230.
1078 2018 1189 2060 intqq.
1201 2018 1247 2049 ad
1259 2019 1364 2050 Arist.
1375 2018 1528 2049 Acharn.
1544 2018 1567 2048 1.
1581 2028 1608 2050 c.

1024 2063 1064 2096 C.
1112 2062 1183 2093 τὸν
1223 2061 1300 2104 πρὸ
1337 2063 1411 2093 τοῦ
1450 2061 1612 2094 Λαΐου

979 2120 997 2139 ν
1016 2106 1037 2139 ό
1054 2119 1074 2147 μ
1090 2119 1108 2139 ο
1125 2108 1162 2150 ν]
1188 2108 1344 2148 legem,
1370 2118 1477 2149 quae
1511 2112 1613 2143 nurse

978 2154 1006 2185 L
1018 2155 1132 2185 aium
1172 2163 1191 2184 v
1207 2154 1353 2185 aluit.
1411 2152 1612 2184 Narrabant

978 2200 1068 2231 enim
1081 2223 1089 2239 ‚
1124 2198 1265 2236 Laium,
1306 2199 1430 2230 insano
1474 2203 1611 2240 captum

977 2254 1095 2276 amore
1130 2243 1334 2285 Chrysippi,
1368 2243 1430 2274 filii
1458 2243 1612 2284 Pelopis,

976 2288 1070 2330 apud
1105 2298 1204 2330 quem
1235 2289 1363 2329 hospes
1403 2289 1611 2326 deverterat,

976 2336 1074 2366 illum
1098 2335 1255 2377 rapuisse
1277 2338 1311 2366 et
1337 2338 1514 2364 auctorem
1537 2338 1610 2364 tnr-

979 2381 1032 2421 pis
1045 2380 1276 2410 masculorum
1297 2379 1424 2410 umoris
1441 2379 1609 2410 extitisse.

980 2436 1009 2456 v.
1046 2424 1321 2456 Athenaeum
1350 2423 1452 2454 XIII.
1475 2433 1508 2464 p.
1530 2423 1610 2457 602.

978 2480 1026 2511 sq.
1082 2467 1174 2501 ἅλλοι
1198 2466 1236 2499 δέ
1261 2477 1366 2507 φασιν
1400 2469 1468 2499 τῶν
1495 2467 1610 2500 τοιού-

979 2526 1045 2546 ιων
1071 2511 1206 2554 ἐρώτων
1241 2511 1481 2554 κατάρξασθαι
1498 2512 1612 2546 Λᾶὶον

978 2557 1171 2600 ξενωθέντα
1227 2556 1316 2599 παρὰ
1375 2557 1501 2590 Πέλοπι
1557 2559 1612 2590 καὶ

977 2603 1167 2646 ἐρασθέντα
1193 2604 1255 2634 τοῦ
1281 2600 1363 2658 ὖιόἰῖ
1387 2599 1498 2635 αὐτοῦ
1517 2603 1611 2646 Χρυ-

978 2651 1121 2682 σίππου.
1160 2646 1202 2679 ὂν
1237 2650 1291 2679 καὶ
1329 2647 1524 2689 ηρπάσαντα
1558 2650 1612 2680 καὶ
