1644 2886
474 102 558 146 Ι)Ε
589 102 866 146 LEGIBUS
899 109 979 145 etc.
1296 100 1404 142 xm

52 221 146 263 776.
176 218 227 262 O.
258 233 324 274 sq.
358 219 452 262 777.
495 216 548 262 C.
582 217 691 262 VII.
720 232 764 273 p.
794 217 892 260 804.
924 215 979 259 Ε.
1009 213 1120 259 XII.
1151 231 1195 271 p.
1225 215 1323 258 953.
1352 213 1406 257 E.

51 284 96 320 et
138 277 260 319 Libr.
301 276 387 319 111.
425 276 608 331 passim3
660 283 736 318 aut
776 273 895 330 quod
939 272 1013 316 hic
1059 279 1104 315 et
1153 271 1244 314 illic
1298 286 1404 315 suae

49 334 359 391 disputationis
398 333 625 376 'rationem
673 332 861 375 illustrat
912 337 956 374 et
1006 328 1305 384 commendat,
1356 335 1406 371 ut

51 391 174 434 Libr.
223 390 260 437 Ι.
300 407 342 447 p.
381 392 478 434 638.
528 390 583 433 Β.
637 405 732 446 sqq.
785 388 870 432 111.
921 403 965 445 p.
1016 387 1111 432 701.
1158 385 1210 430 C.
1257 386 1314 430 V.
1361 401 1404 442 p.

52 450 146 491 744.
186 449 238 491 B.
276 448 359 490 VI.
400 464 444 504 p.
497 449 594 490 751.
637 447 692 490 B.
741 445 872 488 VIII.
922 461 966 501 p.
1019 445 1117 488 739.
1166 445 1224 487 D.
1275 442 1406 498 sedu-

50 506 179 561 loque
221 512 375 560 cavet,
416 519 470 548 ne
514 503 622 559 quid
661 502 847 546 ridicule
889 508 967 544 aut
1008 517 1164 558 parum
1204 506 1407 545 accurate

50 563 215 605 dictum
253 563 456 605 videatur
493 562 596 617 (Vl.
635 577 677 617 p.
716 562 813 602 778.
842 560 898 602 Ε.
928 559 1035 602 Vll.
1068 576 1110 615 p.
1144 559 1242 602 789.
1269 559 1322 602 Β.
1353 558 1407 601 Ε.

50 621 147 663 790.
178 623 234 662 A.
266 622 363 662 792.
394 620 447 662 Ε.
474 619 571 662 800.
602 618 655 661 B.
685 617 816 660 VIII.
848 633 890 675 p.
915 617 1016 660 830.
1046 617 1104 658 D.
1133 616 1196 659 X.
1235 632 1278 673 p.
1308 617 1406 659 892.

51 678 107 720 D.
140 688 184 719 et
214 677 267 720 de
298 676 502 723 dictionis
533 682 766 718 accuratae
795 690 902 717 cura
930 674 1055 718 Libr.
1085 673 1124 716 Ι.
1154 690 1196 730 p.
1226 676 1324 717 626.
1346 673 1406 715 D.

50 735 149 778 627.
181 733 232 776 C.
263 733 327 775 II.
358 749 401 789 p.
432 734 528 775 655.
558 734 616 776 A.
647 733 703 775 V.
736 748 779 790 p.
811 733 907 776 728.
939 730 990 775 C.
1023 732 1119 773 744.
1150 731 1202 774 O.
1234 732 1331 773 745.
1351 730 1406 773 E.

51 791 131 834 Vl.
160 807 203 848 p.
245 793 342 834 755.
382 789 435 834 C.
466 790 573 833 VII.
606 790 704 833 808.
735 793 792 833 A.
821 790 881 832 X.
914 804 959 845 p.
989 789 1086 832 886.
1117 789 1196 844 A.)
1223 794 1301 831 aut
1329 786 1405 829 de·

48 847 182 903 nique
242 847 416 891 easdem
464 847 705 890 sententias
753 847 824 890 vel
872 846 1026 889 eadem
1079 844 1198 889 dicta
1246 845 1409 903 repetit

48 905 349 960 frequentius,
380 905 516 947 veluti
547 920 680 960 quum
710 904 819 947 eade
877 905 1044 961 profert
1063 903 1119 946 de
1149 918 1246 946 voc.
1267 903 1408 956 νιὶμυς

48 962 102 1005 L.
133 963 219 1005 ΙΙΙ.
246 979 287 1020 p.
318 964 413 1006 700.
447 962 500 1006 B.
533 961 583 1005 C.
616 961 699 1008 IV.
728 978 771 1019 p.
854 963 893 1004 2.
930 961 989 1004 D.
1018 960 1125 1003 VII.
1157 977 1198 1018 p.
1233 961 1329 1016 799.
1351 959 1405 1003 Ε.

49 1034 100 1063 ac
131 1019 187 1062 de
219 1020 467 1064 discrimine
498 1022 577 1062 τοῦ
610 1020 748 1072 λόγου
779 1025 827 1062 et
854 1022 935 1062 τοῦ
968 1018 1109 1071 νόμου
1139 1018 1265 1061 Libr.
1299 1017 1407 1059 Vll.

49 1093 94 1134 p.
124 1078 221 1121 788.
251 1076 406 1121 A—C.
438 1082 482 1120 et
513 1077 608 1120 793.
636 1076 690 1119 B.
719 1076 854 1120 VIII.
883 1093 925 1134 p.
955 1078 1052 1120 835.
1082 1075 1138 1119 Ε.
1165 1083 1210 1118 et
1238 1075 1408 1119 iudices

48 1141 140 1178 tum
171 1135 224 1177 Ι...
256 1134 340 1178 VI.
371 1150 412 1191 p.
444 1135 540 1177 767.
571 1136 621 1177 A.
649 1140 742 1177 tum
775 1135 872 1178 768.
903 1134 955 1178 C.
983 1140 1135 1177 monet
1164 1147 1264 1177 esse
1293 1134 1408 1176 inter

47 1191 328 1248 magistratus
359 1190 650 1235 numerandos
694 1190 892 1248 adeoque
926 1191 994 1236 bis
1024 1206 1104 1248 per
1132 1191 1278 1234 iocum
1306 1205 1407 1248 pro-

49 1249 228 1292 nunciat
267 1248 526 1305 disciplinae
566 1254 611 1290 et
647 1248 935 1293 institutionis
966 1249 1234 1306 praefectum
1263 1248 1406 1305 ipsum

50 1321 224 1361 quoque
254 1306 488 1363 disciplina
517 1311 562 1348 et
588 1306 863 1349 institutione
891 1307 962 1349 vel
982 1306 1165 1349 maxime
1195 1304 1411 1363 indigere,

47 1363 171 1406 Libr.
211 1363 319 1406 VII.
364 1380 406 1420 p.
448 1363 546 1406 809.
586 1363 644 1405 A.
685 1369 730 1406 et
768 1365 863 1408 810.
903 1365 961 1408 A.
1028 1363 1267 1406 Enimvero
1304 1370 1409 1405 sunt

49 1419 156 1463 haec
184 1420 330 1462 omnia
360 1435 385 1463 a
405 1420 612 1476 superbia
634 1426 680 1463 et
708 1436 823 1463 vana
840 1421 1050 1464 iactantia
1070 1421 1223 1476 utique
1252 1419 1406 1474 libera,

49 1492 190 1532 neque
221 1478 348 1520 aliam
378 1476 542 1520 habent
570 1492 766 1521 caussam
791 1485 836 1521 et
863 1480 1093 1533 rationem,
1127 1493 1259 1534 quam
1289 1476 1407 1534 quod

50 1535 332 1578 Atheniensis
357 1535 448 1578 iere
465 1550 578 1577 unus
599 1550 771 1578 omnem
791 1551 936 1579 rerum
956 1536 1044 1579 vim
1075 1542 1206 1591 atque
1237 1535 1406 1592 copiam

50 1606 148 1634 cum
189 1592 370 1648 Megillo
408 1599 453 1635 et
499 1591 644 1635 Clinia
691 1594 1038 1637 communicasse
1086 1598 1312 1645 narratur3
1361 1591 1407 1635 in

52 1664 137 1704 quo
182 1651 379 1704 profecto
425 1664 512 1692 non
559 1657 626 1693 est
673 1665 752 1692 cur
801 1660 1082 1708 magnopere·
1120 1649 1408 1694 offendamus.

49 1708 254 1749 Cet-erum
297 1708 359 1749 ita
388 1706 621 1749 informata
651 1707 744 1751 eius
787 1723 976 1764 persona
1016 1714 1108 1763 est,
1149 1715 1200 1750 ut
1229 1707 1407 1750 omnino

49 1764 192 1820 ipsum
230 1764 449 1808 intuentes
494 1764 707 1821 sapientis
747 1765 931 1809 alicuius
971 1766 1089 1808 senis
1119 1764 1407 1808 Atheniensis

48 1820 281 1878 imaginem
324 1836 499 1864 cernere
541 1821 780 1865 videamur.
849 1823 1015 1866 Verum
1042 1823 1127 1866 hoc
1157 1821 1335 1878 quidem
1364 1831 1409 1865 et

51 1877 136 1919 alia
173 1878 354 1932 similia,
394 1893 505 1932 quae
545 1878 599 1921 de
640 1894 695 1921 ec
723 1879 1013 1923 animadverti
1076 1879 1238 1934 ossint,
1269 1880 1408 1922 satius

51 1934 133 1976 erit
169 1934 344 1976 silentio
374 1936 690 1985 transmisisse,
722 1951 775 1978 ne
806 1937 875 1979 vel
914 1953 965 1980 ea
1006 1953 1030 1979 a
1065 1936 1230 1979 didisse
1259 1935 1408 1981 videa-

51 2007 161 2046 mur,
194 2006 304 2047 quae
334 1991 389 2034 ab
418 1991 516 2047 ipso
548 1992 734 2035 Platone
763 2007 852 2035 non
881 1993 1040 2037 diserte
1071 1993 1263 2036 indicata
1292 2001 1407 2038 sunt.

166 2049 259 2090 Iam
299 2063 403 2090 vero
441 2049 527 2091 ista
567 2049 736 2103 omnia,
775 2064 889 2104 quae
925 2050 1139 2095 hactenus
1179 2050 1234 2094 de
1273 2051 1407 2094 collo-

53 2106 274 2160 quentium
307 2107 505 2161 personis
537 2112 638 2149 sunt
669 2107 883 2162 exposita,
914 2108 951 2150 si
972 2124 1071 2152 cum
1089 2108 1273 2151 veritate
1302 2123 1407 2151 con-

52 2163 259 2218 sentiunt,
290 2169 408 2205 certe
448 2163 578 2205 etiam
618 2172 771 2220 sponte
809 2164 1076 2209 intellectum
1103 2165 1156 2208 iri
1187 2177 1407 2224 putamus.

54 2219 157 2275 quid
197 2219 252 2263 de
292 2220 374 2262 hac
404 2229 527 2277 parte
569 2228 748 2264 ornatus
777 2223 940 2265 scenici
968 2222 1304 2266 existimandum
1335 2224 1404 2267 sit.

52 2276 224 2320 Etenim
263 2282 430 2320 tantum
469 2277 617 2333 abest,
655 2284 703 2320 ut
741 2279 786 2321 in
814 2294 865 2322 ea
896 2280 1074 2324 absurdi
1104 2279 1210 2337 quid
1236 2287 1313 2323 aut
1342 2281 1406 2323 in-

51 2334 165 2376 ficeti
205 2336 472 2391 reperiatur,
514 2342 562 2377 ut
600 2335 745 2379 omnia
785 2337 966 2394 egregia
1003 2353 1103 2382 cum
1131 2344 1226 2381 arte
1257 2337 1407 2381 adum-

53 2390 176 2435 brata
213 2391 313 2435 sint.
381 2391 495 2435 Nam
535 2391 653 2448 quod
701 2397 923 2437 oratorum
966 2410 1109 2440 mores
1148 2401 1193 2438 et
1228 2395 1408 2453 ingenia

54 2462 140 2491 non
180 2448 477 2506 depinguntur
522 2450 794 2504 accuratius,
836 2450 882 2494 id
929 2460 1047 2496 certe
1084 2467 1167 2496 nec
1206 2452 1252 2494 in
1289 2451 1406 2495 fictis

54 2506 251 2561 personis
280 2505 387 2550 satis
416 2514 565 2564 aptum
595 2507 678 2550 fuit
707 2521 788 2551 nec
818 2507 874 2551 ad
902 2524 997 2554 rem
1023 2510 1164 2569 ipsam
1193 2509 1284 2552 ullo
1314 2525 1406 2552 mo·

54 2561 111 2604 do
155 2562 456 2606 necessarium.
532 2563 710 2607 Etenim
757 2579 987 2620 quamnam
1027 2566 1204 2611 tandem
1243 2581 1296 2609 ea
1336 2581 1407 2610 res

55 2618 286 2663 utilitatem
340 2620 495 2665 fuisset
540 2620 773 2665 habitura?
849 2621 1014 2681 Itaque
1066 2630 1269 2682 argutum
1308 2624 1406 2680 qui-

56 2674 153 2720 dem
181 2682 250 2720 est
278 2690 359 2721 nec
388 2684 534 2722 tamen
562 2678 652 2722 ulla
681 2694 733 2723 ex
763 2686 885 2736 parte
913 2696 1091 2737 verum,
1132 2679 1252 2737 quod
1281 2680 1405 2725 Zel-
