1644 2886
279 99 361 138 300
757 99 1129 144 PLATONIS

276 230 361 259 νων
403 211 542 264 εὐθὺς
586 211 769 267 γίγνοιτ’
814 211 872 256 ἂν
916 212 1009 260 ὅδε·
1059 218 1144 258 τῶν
1201 220 1388 261 πολιτῶν
1439 219 1595 264 ὁπόσοι

277 283 394 329 τέλος
437 283 572 334 ἔχοιεν
622 281 700 322 τοῦ
741 282 840 335 βίου
874 279 985 322 κατὰ
1023 281 1204 336 σώματα
1241 281 1266 337 ἢ
1303 282 1415 328 κατὰ
1451 287 1596 344 ψυχας

273 352 375 402 ἔργα
412 344 721 401 ἐξειργασμένοι
744 344 855 388 καλοὶ
880 350 951 389 καὶ
987 352 1173 391 ἐπίπονα
1210 353 1281 393 καὶ
1321 358 1411 400 τοῖς
1448 351 1596 407 νόμοις

272 412 494 461 εὐπειθεῖς
527 410 761 466 γεγονότες,
780 417 995 468 ἐγκωμίων
1029 413 1195 466 αὐτοὺς
1231 416 1457 473 τυγχάνειν
1493 423 1590 473 πρέ-

273 494 357 522 πον
390 474 449 519 ἂν
485 477 564 530 εἴη.

373 545 472 586 ΚΛ.
543 546 649 601 ῙΙῶς
683 543 722 587 δ’
764 542 844 595 οὕς

371 611 466 653 ΑΘ.
543 610 653 660 Τούς
688 627 733 664 γε
768 610 856 664 μὴν
889 612 949 653 ἔτι
987 612 1151 663 ζῶντας
1188 617 1409 668 ἐγκωμίοις
1445 633 1486 658 τε
1519 618 1594 659 καὶ

267 675 421 729 ὕμνοις
456 677 587 726 τιμᾶν
622 677 701 719 οὐκ
731 676 935 734 ἀσφαλὲς,
974 679 1076 732 πρὶν
1109 677 1166 721 ἂν
1197 678 1376 724 ἅπαντα
1416 698 1481 732 τις
1515 679 1592 724 τὸν

265 744 364 796 βίον
407 741 658 798 διαδραμών
700 746 819 793 τέλος
861 745 1140 795 ἐπιστήσηται
1182 750 1331 791 καλόν.
1371 750 1512 790 ταῦτα
1547 751 1591 790 δὲ

267 809 412 851 πάντα
447 807 548 862 ἡμῖν
580 811 685 850 ἔστω
722 806 846 851 κοινὰ
883 808 1069 864 ἀνδράσι
1105 827 1149 854 τε
1173 815 1244 855 καὶ
1267 814 1460 868 γυναιξὶν
1480 814 1591 866 ἁγα-

266 877 373 924 θοῐς
405 877 476 916 καὶ
509 874 711 926 ἀγαθαῖς
745 877 968 932 διαφανῶς
1003 882 1258 928 γενομένοις.
1294 880 1372 930 τας
1407 883 1451 923 δὲ
1475 879 1590 934 ᾠδάς

265 958 308 982 τε
361 943 431 983 καὶ
485 940 681 995 ὀρχήσεις
736 939 890 983 οὑτωσὶ
933 941 1016 997 χρὴ
1065 946 1407 988 καθίστασθαι*
1445 945 1586 989 πολλοὶ

263 1011 352 1049 ἔστι
388 1009 586 1049 παλαιῶν
622 1005 788 1049 παλαιὰ
826 1009 922 1061 περὶ
962 1009 1175 1061 μουσικὴν
1209 1013 1279 1052 καὶ
1316 1011 1427 1054 καλὰ
1463 1010 1588 1063 ποιή-

263 1090 410 1127 ματα,
442 1077 513 1116 καὶ
563 1072 614 1124 δή
660 1075 728 1115 καὶ
779 1082 870 1123 τοῖς
915 1072 1110 1129 σώμασιν
1146 1075 1339 1132 ὀρχήσεις
1373 1077 1584 1128 ὡςαύτως,

357 1213 396 1249 Ρ,
420 1214 499 1247 802.
549 1214 664 1244 τέλος
690 1211 966 1255 ἐπιστήσηται
999 1216 1051 1258 κ.]
1078 1216 1120 1247 V.
1147 1215 1371 1258 ἐπιστήσεται,
1396 1218 1487 1259 quod
1512 1228 1583 1250 cor-

262 1265 392 1292 rectum
417 1271 459 1291 ex
485 1261 528 1292 A.
557 1257 595 1291 Ω.
622 1270 652 1291 a.
679 1269 708 1291 c.

353 1304 539 1345 ἀνδράσι
573 1316 612 1336 τε
647 1306 708 1336 καὶ
735 1306 954 1347 γυναιξὶν]
986 1317 1018 1337 τε
1041 1307 1173 1338 addunt
1198 1311 1240 1339 A.
1271 1306 1307 1339 Ω.
1334 1319 1363 1340 v.
1390 1309 1413 1340 f.
1440 1309 1472 1339 h.
1500 1319 1525 1340 r.
1551 1320 1581 1341 a.

261 1363 289 1382 c.
316 1349 344 1384 δ.
371 1362 400 1382 ο.
427 1362 461 1383 x.
509 1352 636 1383 Euseb.
689 1352 797 1392 Vulgo
822 1353 929 1383 abest.

352 1395 571 1437 διαφανῶς
602 1397 878 1439 γενομένοις]
907 1397 966 1429 Sic
999 1398 1040 1428 A.
1076 1393 1112 1427 Ω.
1149 1396 1186 1430 Ξ.
1220 1409 1251 1428 v.
1279 1398 1302 1429 f.
1330 1408 1355 1429 r.
1382 1409 1402 1430 a
1438 1408 1466 1429 c.
1493 1397 1523 1429 δ.
1549 1409 1580 1430 o.

259 1447 293 1473 et
317 1442 445 1474 Euseb.
470 1453 533 1483 pro
559 1454 589 1474 v.
616 1443 816 1484 γινομένοις.

348 1488 390 1519 Β.
440 1487 477 1519 τὰ
513 1484 548 1518 δ’
587 1486 917 1531 ἐπανερόμενον]
955 1487 1014 1519 Sic
1047 1488 1144 1519 editt.
1178 1489 1253 1520 Ald.
1289 1487 1425 1520 Bas.=1.
1451 1487 1481 1520 2.
1513 1488 1581 1519 Lo-

949 1609 1002 1639 De
1034 1608 1119 1649 Rep.
1153 1608 1223 1640 Vll.
1261 1620 1293 1650 p.
1335 1609 1412 1643 537.
1448 1611 1492 1641 A.
1532 1609 1580 1641 εἰς

948 1650 1098 1694 ἀριθμόν
1123 1664 1194 1684 τινα
1217 1652 1397 1695 ἐγκριτέον.
1429 1655 1474 1685 al.
1499 1655 1578 1686 Xe-

948 1699 1070 1738 noph.
1097 1699 1230 1730 Hellen.
1248 1700 1303 1731 lV.
1327 1700 1357 1739 1,
1383 1700 1437 1732 40.
1465 1698 1577 1740 ἐγκρι-

304 1609 385 1641 ταῖν
414 1609 592 1640 πολιτῶν
626 1606 803 1641 όπόσιοι
829 1609 881 1640 τέ-

258 1655 396 1696 λος-]
411 1656 546 1687 Laudat
568 1656 652 1686 haec
665 1656 881 1687 Eusebius

256 1700 380 1741 Praep.
405 1701 540 1741 Evang.
554 1700 637 1731 XII.
664 1700 719 1734 34.
743 1712 776 1742 p.
802 1700 881 1734 610.

256 1746 289 1778 b.
305 1756 413 1787 usque
428 1747 471 1778 ad
486 1745 661 1786 διαφανῶς
674 1746 878 1787 γενομένοις.

299 1813 340 1844 Ρ.
364 1813 442 1847 802.
490 1810 566 1844 οὐκ
593 1809 782 1853 α’σφαλὲς
814 1814 879 1855 —-]

253 1857 343 1890 Nam
373 1860 430 1900 qui
460 1861 612 1890 nondum
643 1869 779 1891 omnem
803 1869 881 1890 exe-

253 1909 378 1947 gerunt
401 1905 491 1936 vitae
515 1915 663 1941 cursum,
690 1905 723 1936 hi
749 1906 882 1945 pericu-

254 1950 324 1981 lum
363 1954 414 1982 est
454 1960 496 1981 ne
529 1952 715 1982 etiamnum
746 1951 883 1991 possint

252 1996 288 2026 in
312 1996 526 2027 decurrendo
552 1997 664 2037 spatio
693 1996 879 2036 aliquando

252 2041 372 2081 pedem
409 2042 616 2082 impingere,
651 2043 700 2073 ita
746 2046 782 2071 ut
823 2042 877 2072 vel

249 2087 396 2118 felicitas
429 2088 484 2118 vel
510 2088 619 2119 virtus
642 2088 795 2128 ipsorum
820 2096 877 2127 pe—

249 2132 429 2163 riclitetur.

293 2198 333 2232 B.
382 2200 459 2230 τῶν
485 2200 670 2231 παλαιῶν
702 2198 872 2241 ποιημά-

251 2255 347 2280 των,
416 2244 669 2286 ἐγκρι’νειι·,]
726 2246 873 2278 Verbum

248 2288 412 2331 ἐγκρίνειν
447 2291 738 2332 probationis
775 2292 807 2323 vi
841 2299 875 2323 et

246 2334 501 2376 significatione
546 2338 697 2377 positum
735 2338 874 2378 proprie

247 2382 373 2413 dicitur
405 2382 446 2413 de
472 2392 529 2418 eo,
555 2384 614 2423 qui
643 2383 726 2423 quid
750 2383 785 2414 in
811 2393 871 2414 nu-

246 2437 375 2458 merum
409 2427 558 2468 aliquem
597 2428 704 2460 refert
741 2433 774 2459 et
814 2429 873 2461 ad-

246 2473 361 2503 mittit.
410 2473 541 2504 Eodem
566 2475 686 2513 modo,
713 2484 780 2514 quo
807 2474 872 2515 hic,

245 2522 444 2559 usurpatum
480 2519 606 2560 legitur
642 2519 751 2560 Legg.
790 2519 873 2550 XII.

245 2574 277 2603 p.
292 2562 372 2597 952.
388 2564 433 2595 A.
447 2560 468 2594 ἆ
485 2561 519 2595 δ’
543 2560 585 2595 ἓν
611 2562 740 2595 τούτων
763 2562 872 2606 ἐγκρί-

246 2618 349 2639 νωσιν
374 2607 410 2640 οί
430 2612 624 2651 γεραίτεροι.
653 2609 723 2642 vll.
743 2620 775 2651 p.
794 2610 869 2645 755-

245 2653 287 2684 D.
320 2653 366 2685 εἰς
397 2651 454 2693 τὴν
491 2656 617 2695 αἵρεσιν
652 2654 868 2698 ἐγκρινέσθω.

948 1744 1055 1785 θῆναι
1071 1743 1105 1775 ἐς
1119 1742 1155 1775 τὸ
1179 1743 1326 1776 στάδιον.
1356 1746 1575 1777 Plutarch.

947 1790 1001 1821 De
1025 1790 1141 1830 placit.
1166 1790 1364 1831 philosoph.
1385 1791 1412 1821 Ι.
1429 1790 1462 1823 8.
1487 1785 1576 1821 Ἐπί-

948 1843 1076 1876 κουρος
1101 1833 1229 1867 τούτων
1253 1832 1354 1867 οὐδὲν
1377 1835 1530 1877 ἐγκρίνει.

994 1878 1039 1912 τὸ
1066 1876 1099 1911 δ’
1125 1879 1439 1920 ἐπανερόμενον
1463 1877 1575 1922 ἐπιᾷ-

949 1923 1192 1968 ῥυθμίζειν]
1248 1926 1306 1959 Sic
1353 1927 1452 1959 codd.
1500 1937 1576 1958 cum

946 1973 1043 2004 editt.
1068 1976 1149 2003 vett.
1176 1970 1419 2013 Stephanns
1445 1972 1486 2003 de
1511 1981 1574 2002 suo

946 2018 1041 2049 dedit
1077 2016 1363 2058 ἐπανερομένους,
1395 2018 1487 2058 quod
1520 2017 1573 2047 ni-

944 2063 1006 2095 hili
1033 2063 1238 2094 faciendum.
1286 2063 1387 2094 Latet
1414 2063 1488 2093 sine
1511 2063 1572 2093 du-

944 2110 1002 2140 bio
1028 2109 1063 2140 in
1088 2113 1201 2139 vetere
1219 2109 1366 2140 lectione
1381 2108 1475 2140 aliud
1490 2108 1573 2148 quid

943 2154 1164 2186 reconditius.
1227 2152 1325 2191 Quod
1374 2154 1474 2194 quale
1515 2154 1570 2193 sit,

943 2204 1041 2231 acute
1083 2200 1253 2240 persensit
1291 2200 1321 2230 A
1335 2199 1467 2234 stius,
1512 2200 1570 2239 qui

943 2255 1022 2276 vere
1046 2245 1256 2277 coniectasse
1274 2244 1410 2275 videtur
1428 2242 1569 2284 ἐπανορ-

941 2288 1134 2329 θούμενον,
1184 2291 1418 2321 consentiente
1466 2290 1568 2320 etiam

941 2336 1298 2368 Winckelmanno
1337 2334 1452 2366 Praef.
1485 2335 1566 2365 edit.

941 2383 1022 2413 min.
1038 2391 1070 2421 p.
1089 2381 1154 2413 IX.
1178 2380 1254 2411 hoc
1279 2381 1567 2419 emendatum,

940 2428 1100 2469 inquit,
1134 2426 1186 2458 ad
1222 2435 1418 2458 numeros
1456 2425 1565 2456 redi-

940 2477 1081 2514 gunto.
1142 2470 1219 2502 Nisi
1266 2471 1357 2503 forte
1402 2475 1565 2512 praestat,

939 2529 1014 2551 cum
1056 2517 1093 2548 C.
1127 2515 1191 2547 Fr.
1232 2517 1471 2548 Hermanno
1513 2525 1563 2546 re-

937 2572 1065 2606 ponere
1090 2559 1356 2603 ἐπαναιρόμενον
1381 2562 1413 2593 h.
1434 2571 1462 2593 e.
1484 2558 1561 2591 &na-

938 2604 1252 2648 ναλαμβανόμενον,
1283 2613 1322 2638 ut
1350 2608 1423 2648 ipse
1456 2606 1561 2636 inter-

937 2659 1102 2696 pretatur.
1141 2652 1209 2685 Sed
1235 2653 1399 2694 quidquid
1426 2653 1473 2683 rei
1500 2657 1560 2690 est,
