1644 2886
160 89 242 132 DE
273 84 546 131 LEGIBUS
580 76 697 129 121ssss
731 85 812 128 VI.
843 84 891 127 P.
923 84 1017 126 783.
1051 83 1143 126 784.
1176 81 1242 125 St.
1304 81 1385 123 233

41 222 170 264 χωσιν
217 205 372 256 αὐτοῖς
416 221 460 249 τε
507 206 580 248 καὶ
624 205 675 256 τῆ
723 202 878 260 πράξει
923 201 1004 246 τὸν
1048 202 1183 252 νοῦν,
1235 198 1385 243 πάντα

41 274 153 319 καλὰ
201 277 275 318 καὶ
319 271 483 327 ἀγαθὰ
519 269 874 327 ἀπεργάζονται,
926 269 986 325 μὴ
1024 273 1305 327 προςὲχοντες
1340 269 1385 311 δὲ

43 342 68 395 ἢ
114 341 174 398 μὴ
219 346 390 398 ἔχοντες
433 341 543 382 νοῦν
587 339 820 382 τάναντία.
868 342 1106 394 προςεχὲτω
1151 334 1204 388 δὴ
1252 337 1326 380 καὶ
1360 333 1383 379 ὁ

45 414 232 468 νυμφίος
275 410 327 469 τῇ
377 423 419 450 τε
467 406 617 466 νύμᾳη
653 423 726 450 και
761 407 813 465 τῇ
850 407 1113 460 παιδοποιίᾳ
1148 404 1228 447 τὸν
1263 405 1386 454 νοῦν,

42 477 154 520 κατὰ
202 475 345 518 ταύτὰ
393 477 438 517 δὲ
483 477 557 518 και
606 471 631 526 ἡ
677 473 854 530 νύμφη
900 475 1060 516 τοῦτον
1107 474 1187 515 τὸν
1221 470 1387 527 χρόνον

40 544 362 602 διαφερόντως,
408 540 461 584 ὃν
505 540 564 583 ἂν
606 540 734 594 μήπω
772 543 922 590 παῖδες
961 540 1117 590 αὐτοῖς
1151 532 1227 582 ὦσι
1263 556 1386 594 γηο-

39 610 175 662 νότες.
224 615 450 654 ἐπίσκοποι
495 607 535 652 δ’
588 616 780 652 ἔστωσαν
838 610 1005 652 τουτων
1061 605 1116 657 ἃς
1170 606 1385 663 εἱλόμεθα

39 687 259 734 γυναῖκες,
298 680 471 727 πλείους
500 674 576 718 εἴτ’
614 675 845 727 ἐλάττους,
891 684 983 725 τοῖς
1023 671 1238 731 ἄρχουσιν
1273 672 1385 718 ὁπό-

40 762 120 797 σας
161 743 220 788 ἂν
266 746 370 805 δοκῇ
415 744 707 799 προςτάττειν
757 760 801 786 τε
836 746 911 786 καὶ
945 740 1141 792 ὁπόταν,
1187 740 1299 797 πρὸς
1333 739 1384 803 τὸ

41 815 118 866 τῆς
162 815 425 862 Εἰλειθυίας
473 810 593 868 ἱερὸν
643 810 830 862 ἑκάστης
875 808 1040 865 ἡμέρας
1075 808 1386 864 ξυλλεγόμεναι

40 885 160 937 μέχρι
197 885 346 935 τρίτου
380 885 538 935 μέρους
573 876 713 932 ὥρας,
752 876 796 922 οἶ
830 876 882 930 δὴ
918 880 1228 933 συλλεχθεῖσαι
1263 879 1385 932 διαγ-

39 947 281 1002 γελλόντων
316 946 540 999 ἀλλήλαις,
577 946 615 989 εἴ
649 950 712 996 τίς
749 963 848 988 τινα
884 944 970 1002 ὁρᾷ
991 946 1102 1002 πρὸς
1131 942 1229 987 ἄλλ’
1267 941 1384 988 ἅττα

39 1018 257 1071 βλέποντα
306 1011 451 1070 ἄνδρα
497 1012 523 1067 ἢ
568 1016 640 1056 καὶ
687 1022 875 1068 γηναῖκα
921 1015 1008 1056 τῶν
1045 1014 1386 1068 παιδοποιουμέ-

40 1100 127 1126 νων
171 1080 194 1135 ἢ
244 1079 354 1135 πρὸς
399 1081 451 1124 τά
491 1085 730 1135 τεταγμένα
773 1079 859 1124 ὑπὸ
899 1083 988 1123 τῶν
1023 1085 1068 1123 ἐν
1102 1087 1193 1130 τοῖς
1227 1079 1386 1136 γάμοις

43 1152 217 1193 θυσιῶν
255 1167 299 1191 τε
336 1151 407 1191 καὶ
443 1151 569 1203 ἱερῶν
603 1154 860 1203 γενομένων.
899 1147 924 1200 ἡ
961 1151 1006 1191 δὲ
1029 1150 1291 1192 παιδοποιία
1313 1150 1386 1193 καὶ

44 1306 87 1337 A.
113 1307 148 1336 et
176 1302 250 1334 vat.
280 1299 318 1334 Ω.
345 1302 531 1344 marginem
557 1305 688 1335 tantum
718 1312 792 1335 eam
820 1301 948 1335 referre
974 1302 1214 1334 omissionem:
1252 1303 1285 1335 in
1317 1313 1386 1345 quo

41 1350 86 1382 ab
111 1359 152 1382 eo
178 1349 335 1381 dissentit
362 1347 510 1380 Bantius.

133 1394 216 1436 Cap.
242 1393 376 1426 XXIII.
428 1394 467 1426 P.
496 1393 574 1430 784.
622 1391 726 1436 πρός
757 1393 803 1426 ’ιό
840 1397 912 1433 τῆς
943 1393 1232 1437 Εἰλειθυίας]
1258 1395 1318 1428 Sic
1343 1399 1382 1429 A.

40 1441 88 1473 Ω.
118 1451 147 1472 ι.
173 1439 196 1472 f.
218 1439 248 1474 h.
274 1450 301 1472 r.
331 1452 362 1472 a.
390 1452 418 1473 c.
447 1452 477 1472 ο.
504 1440 534 1472 δ.
585 1440 697 1482 Vulgo
724 1441 928 1482 Εἰληθιίας
962 1450 992 1472 ν.
1021 1440 1127 1483 intpp
1160 1441 1204 1473 ad
1231 1441 1382 1485 Gregor.

40 1485 191 1520 Corinth.
221 1497 252 1528 p.
278 1486 344 1521 911
371 1497 421 1529 aq.
448 1487 501 1519 ed.
529 1485 705 1520 Schaefer.

40 1633 107 1663 qne
141 1621 351 1654 Athenarum
383 1623 546 1654 institutis
581 1632 677 1654 com·

41 1678 111 1710 par.
129 1679 160 1710 p.
175 1668 196 1702 6
218 1679 286 1710 sq:
327 1667 460 1709 „Quod
490 1668 591 1701 Plato
618 1678 677 1700 nu-

41 1717 110 1757 ptis
163 1725 301 1756 quoque
355 1715 452 1756 quasi
510 1714 678 1747 custodes

38 1758 204 1802 quondam
241 1772 281 1794 ex
317 1770 459 1794 numero
496 1761 677 1802 magistra-

39 1811 134 1839 tuum
152 1806 259 1843 addit,
284 1806 428 1839 feminas
451 1808 579 1847 pariter
605 1816 676 1839 ma—

40 1862 186 1892 resque,
226 1853 281 1892 qui
320 1852 526 1885 concordiae
559 1853 675 1884 coniu-

39 1909 118 1939 gum
155 1899 368 1941 prospiciant
403 1908 532 1940 eosque
568 1897 675 1930 debiti

39 1945 227 1986 coniugalis
261 1944 470 1977 admoneant
495 1948 675 1976 contuma—

40 2000 166 2032 cesque
197 1991 341 2032 publicis
375 1990 500 2023 tabuiis
526 1991 676 2032 proseri-

40 2038 139 2077 bant,
175 2037 221 2069 ita
261 2042 497 2078 comparatum
531 2041 602 2075 est,
642 2042 679 2069 ut

40 2083 82 2115 ad
111 2082 469 2115 Lacedaemoniorum
498 2080 595 2124 δίκην
618 2095 677 2123 μο-

7 2161 10 2164 ,
43 2127 227 2161 mammas
250 2129 370 2162 referri
395 2135 545 2170 nequeat
569 2129 676 2166 (conf.

43 2176 169 2208 Ciem.
202 2181 223 2208 A
237 2177 260 2207 1.
290 2175 330 2208 ΙΙ.
357 2186 389 2217 p.
415 2174 495 2209 423.
524 2177 591 2216 A),
619 2186 676 2208 ne-

42 2231 109 2263 que
122 2222 299 2254 meiiorem
322 2222 592 2263 explicationem
620 2221 678 2254 ha-

44 2268 135 2305 bent,
160 2278 260 2308 quam
288 2272 324 2300 ut
341 2265 531 2310 ἐπικλήρων
549 2278 679 2307 curam,

44 2323 144 2352 qnam
172 2313 317 2346 Athenis
342 2324 479 2356 quoque
499 2315 679 2355 magistra-

43 2360 139 2391 tibus
172 2361 364 2393 mandatnm
400 2361 507 2392 fuisse
542 2364 680 2393 constat

0 2439 13 2446 ,-
48 2405 97 2445 (v.
123 2405 246 2438 Lem-b.
269 2405 331 2438 der
355 2406 483 2448 griech.
510 2406 679 2439 Staatsal-

47 2450 147 2483 terth.
181 2450 211 2492 ξ.
235 2451 315 2487 121.
340 2462 372 2485 n.
406 2452 499 2494 11.)‚
531 2452 679 2495 philoso-

47 2495 148 2537 phum
179 2495 221 2528 ad
257 2507 358 2531 omne
382 2499 677 2533 matrimoniorum

46 2551 155 2584 genua
178 2544 398 2577 tranatuiiase
422 2545 590 2578 dicamus.
596 2547 621 2564 “

94 2591 182 2620 tots
202 2585 422 2643 ἄρχουσιν
449 2588 678 2634 dudone—J

52 2631 97 2666 fl.
127 2644 158 2666 e.
192 2630 325 2666 ὁπόσας
349 2632 392 2667 ἂν
421 2641 489 2669 τοῖς
514 2648 709 2695 αρχουσίν

51 2675 138 2719 δοκῇ
159 2677 374 2721 προστάττειν
392 2683 446 2715 καὶ
464 2679 594 2717 ὁπόταν
617 2697 677 2717 αυ-

737 1614 806 1654 ’uis
842 1621 1060 1662 προςτάττειν
1101 1621 1246 1655 ἐκείνοις
1284 1622 1381 1665 δοκῇ.

746 1687 790 1693 -
826 1670 899 1710 τῆς
924 1669 1207 1707 Εἰλειθυίας,
1243 1670 1383 1703 lunonis

748 1715 915 1755 Lucinae,
942 1727 1032 1758 quae
1057 1726 1161 1757 opem
1188 1716 1280 1750 ferre
1305 1727 1383 1759 par—

746 1762 950 1794 turientibus
963 1762 1182 1795 credebatur.
1207 1773 1238 1794 v.
1263 1763 1382 1796 ovid.

748 1808 912 1840 Metam.
950 1809 991 1841 ΙΙ.
1028 1808 1095 1842 145
1121 1819 1193 1850 sqq.
1230 1809 1381 1842 Horat.

746 1853 860 1886 Carm.
888 1855 989 1886 Saer.
1017 1855 1062 1888 13
1075 1864 1149 1896 sqq.
1178 1856 1382 1888 Antonin.

746 1899 936 1933 hiberni.
968 1901 1024 1935 29.
1058 1901 1228 1934 Cniiim.
1263 1901 1309 1934 H.
1351 1904 1383 1934 in

747 1946 841 1977 Dian.
867 1958 897 1978 v.
911 1947 956 1981 20
970 1957 1042 1989 sqq.
1067 1949 1110 1979 ai.
1159 1946 1254 1979 Huic
1276 1957 1382 1989 quum

744 1991 843 2032 aiibi,
888 1999 960 2026 tum
1010 1994 1112 2026 etiam
1158 1993 1306 2034 Spartae
1347 1999 1384 2027 et

748 2036 888 2070 Athenis
915 2041 1042 2080 templa
1072 2043 1107 2072 et
1130 2041 1251 2072 altaria
1276 2040 1383 2073 fuisse

746 2090 948 2118 consecrata
959 2111 968 2126 ‚
996 2086 1022 2118 P
1033 2097 1051 2118 a
1061 2095 1080 2118 u
1093 2096 1135 2117 sa
1150 2085 1214 2119 nia
1226 2097 1242 2118 s
1266 2091 1384 2120 narrat

746 2130 774 2162 Ι
809 2130 870 2170 18,
909 2131 966 2167 44
1006 2132 1063 2166 ΙΙΙ.
1095 2131 1150 2167 17.
1214 2133 1380 2167 Ceterum

746 2176 835 2209 conf.
876 2176 1022 2211 Timet.
1057 2189 1088 2221 p.
1123 2177 1202 2213 149.
1237 2179 1286 2211 Ι).
1328 2180 1382 2211 καὶ

746 2222 812 2265 μὴν
838 2224 892 2255 καὶ
913 2237 946 2257 αι
971 2223 1387 2268 μαῖαι-προμνήστριαί

746 2269 810 2301 εἰσι
859 2269 1068 2310 δεινόταται,
1116 2269 1162 2303 ὥς
1202 2270 1383 2314 πάσσοφοι

749 2310 850 2348 οὖσαι
882 2319 957 2375 περὶ
998 2319 1063 2350 τοῦ
1093 2319 1237 2360 γνῶναι,
1278 2321 1382 2351 ποίαν

747 2360 807 2404 χρὴ
846 2366 934 2408 ποίῳ
973 2360 1071 2406 ανδρὶ
1115 2366 1292 2397 συνοῦσαν
1335 2363 1382 2398 ὥς

746 2405 910 2451 ἀρίστους
934 2409 1058 2443 παῖδας
1082 2413 1212 2443 τίκτειν.

795 2501 834 2534 Β.
884 2498 968 2534 ὑπὸ
999 2504 1082 2535 τῶν
1112 2502 1156 2535 ἐν
1189 2515 1212 2536 τ.
1239 2515 1269 2545 γ.
1303 2503 1378 2536 θυ-

748 2547 874 2589 σιῶν]
909 2550 971 2582 ita
1002 2556 1045 2582 ut
1079 2550 1204 2583 simul
1242 2551 1378 2583 locum

746 2594 956 2626 haberent
1004 2606 1073 2628 res
1116 2596 1290 2629 divinae
1337 2602 1381 2630 et

747 2640 979 2673 sacrificia.
1015 2652 1044 2673 v.
1084 2642 1293 2676 Matthiae
1318 2642 1379 2678 Gr.

746 2687 774 2727 ξ.
801 2684 879 2721 592.
908 2692 992 2719 extr.

1419 608 1496 649 784
