1644 2886
194 270 236 310 D

270 91 331 130 ’90

761 86 1132 128 PLATONIS

276 203 504 257 γενόμενος
538 200 815 256 ἐξειργάσατο
851 197 906 240 τὰ
945 200 1150 248 τοιαῦτα,
1186 200 1266 243 εἴτε
1299 200 1464 255 χαλεπὴ
1501 202 1606 256 τύχη
1641 240 1644 242 ,

278 269 582 322 προςπεσοῦσα
598 299 607 316 ,

429 326 445 343 7

643 265 725 307 εἴτε
772 267 843 307 καὶ
888 262 1017 322 φύσις
1058 263 1170 317 ἄλλη
1205 281 1267 315 τις
1303 265 1500 319 τοιαύτη.
1536 270 1609 308 καὶ
1642 270 1644 272 ’

276 332 380 387 γάρ,
418 349 449 373 ω
496 333 682 385 Μέγιλλέ
723 346 765 373 τε
808 331 879 372 καὶ
918 330 1120 381 Κλεινία,
1154 334 1261 385 μηδὲ
1311 332 1443 374 τοῦθ’
1493 331 1644 386 ἡμᾶς,

275 401 536 440 λανθανέτω
573 398 669 451 περὶ
705 394 864 445 τόπων,
888 393 944 444 ὡς
980 394 1058 437 οὐκ
1094 398 1198 438 εἰσὶν
1231 394 1361 439 ἄλλοι
1383 399 1496 446 τινὲς
1514 399 1606 439 δια·
1635 440 1639 442 ,

272 468 477 520 φέροντες
517 458 662 504 ἄλλων
700 461 858 504 τόπων
901 458 1011 515 πρὸς
1056 460 1104 504 τό
1140 461 1606 517 γεννᾶνάνθριόηους

366 591 408 622 D.
459 590 521 621 καὶ
547 585 598 620 δι’
623 587 833 630 εἱλήσεις]
863 589 957 620 Libri
976 587 1160 631 διειλήσειε.
1204 588 1410 622 νοεε.”εοῐυε
1429 580 1606 631 ὃιηλῆσειε.

274 637 314 667 V.
341 641 490 668 enarrat.
517 635 607 668 Dein
634 634 730 665 Mon.
756 633 815 675 τὴν
840 632 876 665 ἐκ
901 635 963 676 γῆς
985 645 1047 675 pro
1074 631 1133 675 τὴν
1158 633 1193 665 ἐκ
1221 636 1276 675 τῆς
1302 635 1373 675 γῆς.

273 746 353 787 Ipse
378 755 460 777 vero
477 745 546 785 legi
561 745 663 776 iussit
676 741 904 785 ἐξεργάσαιτο.

276 791 398 822 Verum
414 800 458 822 ne
476 791 632 831 optativo
652 790 791 830 quidem
807 789 903 822 loeus

273 840 344 876 est,
368 836 541 877 siquidem
576 835 680 866 verba
704 835 771 866 hoc
795 836 903 875 signi-

271 881 392 912 ficant:
417 882 509 912 sive
534 879 806 920 legumlator
831 880 906 911 ali-

273 927 369 966 quis
395 935 557 967 pravus
581 925 693 957 talia
722 925 904 962 effecit,

273 981 335 1002 nec
375 981 474 1003 vero:
508 971 604 1001 sive
638 971 906 1010 legumlator

273 1016 440 1057 aliquis
477 1025 632 1056 pravus
664 1015 774 1046 talia
799 1014 903 1046 effe-

273 1063 391 1092 cerit
438 1072 463 1092 s.
513 1061 697 1092 efficere
744 1061 902 1100 possit.

273 1107 392 1147 ltaque
438 1107 542 1138 aliam
591 1106 680 1136 viam
725 1105 904 1145 ingressus

273 1156 324 1182 est
359 1153 401 1182 A.
436 1150 651 1182 Matthiae
688 1149 748 1181 Gr.
783 1149 845 1181 Gr.
872 1149 902 1190 ξ.

271 1196 350 1230 599.
382 1207 408 1227 c.
441 1207 472 1236 p.
505 1195 605 1228 1410.
637 1196 690 1226 ed.
716 1195 749 1228 3.
777 1196 835 1235 qui
862 1192 904 1226 ἄν

272 1252 348 1273 cum
383 1242 573 1272 indicativo
607 1239 823 1281 ἑξείργασατο
855 1241 904 1271 ita

269 1287 463 1325 coniunxit,
472 1292 508 1317 ut
518 1286 722 1327 particulam
731 1286 904 1317 censuerit

270 1332 490 1364 coniecturae
523 1332 576 1362 vel
597 1331 817 1371 *suspicionis
851 1331 902 1361 fa-

271 1386 347 1409 cere
375 1377 552 1407 indicium.
578 1374 681 1413 Quod
696 1380 809 1406 tamen
834 1385 902 1416 quo

270 1423 345 1453 iure
367 1422 417 1452 ita
432 1461 436 1465 “
451 1425 640 1459 statuatur,
665 1421 813 1452 fatemur
839 1430 902 1452 nos

270 1467 472 1507 neutiquam
518 1466 723 1506 intelligere.
794 1465 904 1496 Nimi-

269 1522 347 1544 rum
371 1515 492 1543 nostra
517 1512 688 1543 sententia
713 1508 755 1542 ἅν
779 1511 823 1541 ad
849 1521 903 1542 so-

271 1559 342 1589 lum
374 1557 594 1598 participium
619 1553 802 1596 γενόμενος
825 1565 903 1596 per-

272 1603 370 1642 tinet,
396 1602 462 1633 hoc
486 1611 602 1633 sensu:
632 1601 726 1632 sive
750 1600 904 1641 legum-

271 1649 389 1679 lator
413 1647 577 1688 aliquis
602 1646 657 1677 iis
677 1644 788 1678 talia
804 1645 902 1688 e-ffe-

273 1695 347 1732 eit,
394 1693 462 1732 qui
506 1692 695 1723 fortasse
741 1700 903 1731 pravus

273 1737 412 1769 fuerit.
459 1736 549 1768 Nam
575 1736 708 1776 φαῦλος
739 1733 781 1766 ἂν
806 1733 903 1776 γενό-

271 1790 371 1822 μενος
401 1781 492 1813 idem
527 1786 579 1813 est
616 1781 710 1821 quod
743 1778 832 1811 &sus
863 1777 904 1811 ἂν

273 1827 408 1869 φαῦλος
423 1825 575 1868 γένοιιος
595 1827 691 1858 cuius
711 1829 905 1857 structurae

273 1873 430 1913 exempla
467 1872 644 1903 attulimus
685 1871 729 1902 ad
768 1869 905 1902 Phileb.

299 1917 384 1951 .30.
413 1916 451 1948 C
480 1917 602 1948 Addas
628 1925 727 1947 vero·
753 1915 807 1947 De
821 1915 905 1956 Rep.

272 1963 333 1995 ΙΙΙ.
384 1961 494 1996 ..414
520 1961 569 1992 C:
595 1972 636 1992 ov
651 1957 808 2002 γεγονὸς
832 1956 907 1991 ουδ’

274 2003 342 2039 οἶδ’
367 2006 401 2038 εἰ
409 2005 594 2048 γενόμενον
606 2004 661 2037 ἄν.
687 2006 784 2037 Dem
797 2015 816 2036 o
828 2006 905 2037 stli.

272 2064 306 2094 p-
340 2052 417 2087 790.
449 2052 509 2086 26.
545 2049 582 2083 τὰ
612 2049 693 2092 μήτε
724 2062 764 2081 01
769 2061 804 2081 ια
829 2047 906 2092 μήτ’

271 2110 313 2129 αν
338 2095 502 2139 γενόμενα
524 2093 603 2138 μήτ’
629 2096 677 2151 livy
685 2093 905 2136 γενησόμενα.

273 2143 547 2183 Thucyd.v1.
573 2138 904 2175 3Q.619s2662&'1-

273 2186 351 2228 δρεε
382 2185 460 2218 οὕτε
490 2185 578 2217 ὕιτα
610 2183 688 2217 oi'te
725 2182 763 2216 ἂν
807 2184 903 2226 γενό-

272 2243 354 2271 ueta
393 2231 650 2273 λογοποιόῦσιιν.
709 2231 782 2261 Iam
824 2240 905 2261 vero

275 2277 367 2319 quod
388 2278 606 2318 participium
625 2276 833 2307 arbitramur
845 2285 907 2317 per

274 2324 468 2364 optativum
503 2323 623 2353 addito
663 2318 705 2351 ἄν
740 2321 905 2361 explicari

274 2372 447 2409 oportere,
468 2367 542 2398 noli
567 2371 688 2407 putare
713 2366 905 2406 optativum

274 2413 316 2445 ab
345 2412 410 2444 hac
439 2413 613 2444 sententia
641 2412 788 2442 alienum
816 2420 903 2447 esse,

274 2458 374 2489 sicuti
400 2458 510 2489 visum
535 2461 587 2487 est
615 2457 690 2486 viro
723 2460 902 2496 praestan-

273 2503 422 2542 tissimo,
452 2503 497 2543 A.
532 2501 758 2533 Matthiae.
814 2500 901 2531 Nam

273 2550 449 2589 optativus
474 2557 550 2578 cum
574 2543 616 2576 ἄν
645 2547 780 2577 iunctus
806 2555 901 2576 usur-

274 2594 347 2632 pari
379 2593 467 2624 solet
499 2591 617 2630 etiam,
644 2590 753 2621 sicubi
785 2591 901 2622 conie-

275 2642 370 2670 ctura
395 2638 436 2669 de
461 2637 575 2676 aliqua
600 2645 634 2666 re
661 2635 820 2676 proditur
843 2645 901 2675 po-

975 746 1137 785 niturque
1175 754 1248 776 eam
1288 745 1363 776 fieri
1410 745 1463 776 vel
1503 753 1606 785 posse

977 791 1028 821 vel
1077 791 1243 830 potuisse.
1314 789 1422 822 cuius
1470 790 1605 830 generis

974 836 1131 876 exempla
1162 836 1248 866 bene
1278 836 1383 866 multa
1421 835 1605 874 consigna·

975 881 1085 911 vimus
1110 880 1154 911 ad
1182 880 1291 920 Legg.
1317 880 1382 911 111.
1407 889 1439 920 p.
1467 879 1544 913 677.
1573 883 1606 910 et

973 925 1093 965 Remp.
1121 925 1205 957 Vlll.
1232 935 1266 965 p.
1292 924 1369 958 549.
1394 925 1439 956 Α.
1484 925 1606 965 Itaque

974 971 1069 1001 locus
1095 974 1146 1001 est
1171 971 1306 1010 integer
1330 979 1442 1011 neque
1466 970 1535 1001 ulla
1557 970 1605 1001 la·

971 1015 1071 1046 borat
1102 1015 1315 1046 difficultate.
1353 1032 1389 1036 —
1419 1014 1504 1045 εἴτε
1537 1014 1605 1044 καὶ

972 1058 1103 1100 φύσις
1127 1057 1226 1100 ἄλλη
1259 1068 1319 1090 τις
1353 1058 1543 1100 τοιαύτη,
1569 1060 1602 1090 h.

971 1115 1001 1137 e.
1053 1105 1173 1137 aliud
1228 1106 1327 1146 quid
1373 1105 1603 1142 eiusmodi,

971 1151 1086 1191 quod
1113 1151 1157 1181 in
1191 1159 1327 1182 rerum
1357 1154 1513 1181 natura
1537 1160 1603 1190 po-

971 1197 1100 1228 situm
1124 1196 1192 1226 sit.

1016 1240 1060 1271 D.
1116 1237 1169 1270 ais·
1217 1235 1290 1270 οὐκ
1333 1238 1443 1270 εἰσὶν
1489 1237 1605 1270 ἄλλοι

971 1284 1254 1326 διαφέροντες·
1293 1284 1356 1325 -]
1396 1285 1474 1316 Hoc
1504 1285 1603 1316 dicit:

971 1330 1059 1362 Nec
1083 1331 1160 1362 hoc
1185 1339 1263 1361 nos
1287 1330 1443 1369 lateat,
1467 1330 1604 1370 pluri-

971 1377 1044 1406 mis
1094 1377 1134 1406 in
1180 1375 1286 1406 locis
1331 1374 1603 1406 discriminis

972 1429 1063 1452 esse
1095 1421 1146 1451 ad
1178 1420 1387 1451 hominum
1426 1420 1492 1451 vel
1528 1429 1602 1450 me-

971 1466 1128 1497 liorum
1153 1465 1219 1496 vel
1244 1465 1514 1496 deteriorum
1539 1474 1602 1504 ge-

971 1512 1255 1548 nerationem3
1310 1510 1467 1550 quibus
1525 1519 1603 1541 non

971 1554 1197 1588 contraria
1240 1555 1262 1586 i.
1305 1565 1334 1586 e.
1377 1559 1602 1586 consenta-

971 1611 1066 1639 nea,
1106 1600 1288 1640 legibus
1325 1603 1422 1631 sunt
1464 1601 1603 1631 sanei-

971 1646 1094 1677 enda.
1141 1644 1323 1685 Significat
1355 1645 1462 1685 igitur
1490 1644 1603 1685 philo-

971 1689 1120 1732 sophus,
1145 1691 1238 1730 leges
1269 1699 1332 1729 pro
1365 1690 1463 1721 varia
1490 1691 1602 1730 regio-

970 1745 1050 1766 num
1084 1739 1208 1766 natura
1236 1738 1340 1775 atque
1374 1735 1494 1766 indole
1521 1736 1602 1766 item

970 1782 1085 1812 varias
1111 1789 1185 1811 esse
1201 1784 1374 1820 oportere,
1387 1790 1456 1820 quo
1481 1780 1602 1811 melius

971 1826 1148 1857 hominum
1187 1825 1336 1864 ingeniis
1382 1825 1601 1856 conveniant.

973 1871 1065 1902 Ante
1090 1869 1175 1900 εἰσὶν
1209 1866 1301 1900 ἄλλοι
1327 1870 1421 1909 quod
1450 1870 1601 1910 interpo-

973 1916 1075 1946 situm
1114 1916 1241 1954 legitur
1273 1910 1353 1950 οὐκ,
1382 1915 1418 1945 id
1453 1916 1602 1946 Astius

973 1961 1239 2001 expungendum
1260 1963 1385 1990 censet.
1420 1958 1496 1990 Nisi
1511 1960 1603 1991 forte

971 2006 1059 2036 illud
1090 2010 1245 2045 paratam
1283 2004 1519 2035 defensionem
1559 2011 1602 2036 ex

974 2060 1014 2082 eo
1039 2051 1154 2082 habet
1169 2049 1262 2091 quod
1278 2046 1360 2089 μηδὲ
1385 2045 1491 2079 τοῦθ’
1518 2046 1601 2090 ἡμᾶε

975 2094 1181 2132 λανθανέτω
1196 2094 1223 2126 si
1239 2104 1376 2125 sensum
1397 2098 1601 2134 spectamus,

972 2141 1064 2172 idem
1093 2145 1145 2171 est
1169 2139 1260 2180 quod
1278 2137 1358 2179 μηδὲ
1374 2135 1478 2169 τοῦθ’
1495 2135 1600 2179 duap-

972 2184 1166 2228 ιησώμεθα
1200 2187 1259 2215 aut
1312 2184 1433 2215 similis
1485 2185 1602 2225 aliqua

972 2231 1132 2262 formula.
1159 2259 1163 2262 ,
1189 2228 1302 2260 Simili
1337 2239 1411 2259 cum
1443 2229 1601 2261 libertate

972 2274 1156 2315 Protagor.
1190 2284 1222 2313 p.
1259 2272 1336 2306 350.
1370 2274 1418 2305 D:
1452 2273 1533 2305 τοὺς
1566 2273 1601 2305 δὲ

973 2317 1161 2360 ἀνδρείους,
1179 2315 1287 2348 also&
1313 2315 1501 2360 θαρῤαλέοι
1526 2318 1600 2352 εἰσί,

973 2363 1009 2396 τὸ
1035 2361 1116 2403 ἐμόν
1144 2360 1337 2404 ὁμολόγημα
1354 2360 1509 2402 οὐδαμοῦ
1526 2363 1597 2395 ἐπέ-

970 2408 1081 2449 δειξας
1106 2405 1152 2440 ὥς
1172 2404 1235 2439 οὐκ
1253 2404 1372 2448 ὀρθῶς
1390 2405 1599 2450 ὡμολόγησα,

970 2465 1037 2496 quo
1079 2455 1156 2485 loco
1190 2450 1232 2484 οὐ
1267 2454 1510 2494 interpositum
1549 2460 1599 2486 est

968 2499 1166 2539 ideo„quia
1191 2499 1225 2529 in
1255 2499 1368 2530 verbis
1395 2496 1431 2529 τὸ
1456 2496 1538 2537 ἐμὸν
1559 2516 1594 2519 ——

970 2541 1171 2585 ὡμολόγησα
1184 2545 1274 2574 inest
1291 2545 1387 2575 notio
1413 2544 1591 2584 negandi

970 2594 1008 2620 et
1033 2589 1279 2620 refellendi.
1321 2589 1452 2620 Phileb.
1478 2599 1510 2629 p.
1537 2588 1591 2621 243.

971 2635 1016 2664 D:
1044 2630 1124 2665 οὐδ’
1150 2632 1442 2673 ἑδινσκολαιίνομεν.
1462 2630 1508 2664 ὥς
1533 2629 1595 2664 οὐκ
