1644 2886
265 100 300 142 G
699 100 1173 143 PROLEQOMENA

267 216 358 255 7:223.
392 215 426 254 Α
464 238 514 242 —-
550 213 602 252 l).
635 225 729 251 cum
767 211 938 264 Prota-g.
972 227 1011 264 1».
1033 211 1126 250 354.
1160 211 1194 250 C
1220 233 1267 239 *-
1294 209 1343 252 Ε,
1375 234 1426 239 -—
1459 210 1597 264 chg.

269 269 320 310 V.
353 286 391 324 p.
425 270 515 309 745.
546 266 584 306 Ε
617 290 668 295 -—-
701 267 794 305 7445.
830 265 886 306 D.
918 279 1014 306 cuin
1046 265 1152 320 Rep.
1185 265 1239 306 V.
1273 283 1314 321 p.
1344 267 1437 307 471.
1481 262 1518 305 C
1558 289 1597 294 -ω

264 326 359 368 473.
401 324 451 365 Β.
483 347 536 353 -
566 321 704 376 Legg.
744 320 824 361 VI.
855 336 896 375 p.
940 322 1034 362 773.
1065 322 1107 362 A
1135 345 1189 350 ——
1220 320 1270 362 C.
1301 335 1398 363 cum
1430 319 1598 361 Politic.
1642 349 1644 351 -

265 396 305 435 p.
357 379 450 420 310.
496 377 548 418 B.
587 390 680 430 sqq.
712 400 763 406 ——
811 376 952 432 Legg.
991 376 1118 420 VIII.
1159 391 1200 431 p.
1241 378 1334 418 837.
1375 378 1416 417 Α
1447 399 1499 406 -—
1543 375 1598 416 D.

266 450 361 476 cum
402 431 602 490 Sympos.
641 448 681 487 p.
725 433 815 474 180.
857 432 906 473 C.
945 447 1043 486 sqq.
1075 439 1128 473 et.
1162 434 1243 473 200
1281 446 1374 486 sqq.
1415 430 1600 472 Phaedr.

266 505 309 544 p.
348 490 441 529 255.
483 488 535 530 E.
577 502 672 542 sqq.
702 512 755 517 —
786 487 926 543 Isegg.
967 488 1025 529 X.
1068 502 1109 542 p.
1141 490 1235 530 893.
1269 488 1304 528 Β
1335 512 1388 517 -
1418 488 1514 529 894.
1546 489 1598 527 A.

265 559 362 586 cum
397 543 537 587 Parm.
576 558 617 597 p.
662 543 753 585 138.
785 542 834 585 C.
875 558 940 597 sq.
981 543 1158 585 Theaet.
1200 559 1243 598 p.
1287 544 1377 585 181.
1416 542 1467 585 C.
1506 556 1602 596 sqq.

265 600 374 641 Tim.
406 615 446 655 p.
477 601 546 641 43.
578 598 628 642 C.
659 613 755 653 sqq.
786 623 838 628 -—
869 599 1009 654 Legg.
1039 599 1122 639 IX.
1154 615 1195 654 p.
1227 600 1323 641 859.
1353 598 1395 639 D
1427 621 1480 628 --
1505 598 1600 639 860.

267 656 323 697 D.
355 669 451 698 cum
492 653 628 710 Gorg.
668 671 709 710 p,
738 655 833 696 476.
874 654 911 694 Β
947 679 994 684 -—
1025 657 1120 697 477.
1164 656 1219 696 A.
1250 678 1304 685 —
1336 654 1474 708 Leog.
1515 652 1600 693 ΙΙΙ.

266 728 307 766 p.
347 712 443 752 676.
482 709 522 750 Β
566 725 661 764 sqq.
707 724 803 751 cum
834 709 944 751 Tim.
977 725 1017 764 p.
1051 711 1116 751 20.
1148 709 1204 752 D.
1235 725 1330 764 sqq.
1389 689 1600 751 §imirum

266 781 378 821 quae
409 780 461 807 ex
494 766 662 821 Legum
691 766 812 807 libris
851 778 952 807 sunt
981 764 1189 818 indicata,
1229 781 1280 807 ea
1310 765 1375 807 vir
1401 764 1599 807 doctissi-

265 837 359 865 mus
380 822 612 863 arbitratur
643 836 695 863 ex
725 822 880 863 ceteris
914 821 1105 863 Platonis
1135 821 1308 877 scriptis
1336 826 1412 863 aut
1442 823 1600 862 temere

265 891 439 920 corrasa
477 877 672 931 maleque
721 876 1017 919 consarcinata
1066 883 1140 917 aut
1189 877 1231 917 in
1281 876 1450 918 brevius
1498 890 1602 917 con·

266 939 406 976 tracta
443 939 518 974 aut
546 932 733 987 denique
763 933 872 974 male
901 947 1007 974 sano
1046 931 1205 974 iudicio
1235 947 1366 987 prave
1396 932 1529 973 mixta
1559 937 1603 971 et

267 989 449 1031 confusa
491 1003 597 1030 esse.
662 990 726 1030 At
766 988 878 1030 enim
917 1003 1019 1030 vero
1058 988 1165 1030 locis
1201 988 1286 1030 illis
1330 987 1506 1043 propius
1537 986 1601 1027 in-

266 1045 427 1099 spectis
467 1043 806 1099 diligentiusque
844 1044 1099 1086 examinatis
1128 1050 1262 1086 certe.-
1274 1043 1494 1097 aliquanto
1526 1041 1602 1084 ali—

266 1107 333 1142 ter
360 1099 639 1142 iudicandum
668 1098 898 1141 videbitur.
965 1099 1077 1140 Nam
1115 1099 1296 1155 primum
1327 1098 1500 1153 quidem
1526 1098 1604 1139 mi-

268 1156 381 1198 nime
408 1155 562 1197 mirum
589 1154 784 1207 accidet,
824 1154 942 1208 quod
971 1154 1093 1196 Plato
1123 1155 1168 1196 in
1197 1155 1392 1210 Legibus
1422 1152 1605 1196 subinde

266 1210 437 1252 iteravit
477 1211 543 1252 vel
583 1210 724 1252 denuo
763 1211 962 1265 exposuit
1002 1216 1045 1252 et
1083 1210 1340 1264 illustravit,
1382 1225 1491 1265 quae
1519 1209 1602 1250 iam

269 1267 370 1309 alibi
401 1266 504 1308 data
532 1267 855 1322 opportunitate
885 1267 1203 1308 illustravisset.
1261 1266 1375 1308 Nam
1405 1266 1480 1320 qui
1509 1270 1603 1307 tan·

269 1322 366 1364 dem
396 1322 521 1364 aliter
549 1322 643 1363 fieri
671 1322 862 1377 potuisse
893 1322 1246 1375 existimabimus,
1279 1336 1410 1375 quum
1440 1322 1486 1362 in
1515 1335 1602 1362 am-

268 1378 461 1434 plissimo
491 1377 573 1419 hoc
603 1392 733 1432 opere
763 1376 996 1419 identidem
1034 1377 1164 1419 iidem
1194 1377 1490 1433 philosophiae
1520 1375 1603 1417 loci

268 1433 511 1488 attingendi
542 1438 671 1486 atque
699 1432 911 1474 tractandi
941 1434 1117 1487 fuerint,
1151 1434 1225 1488 qui
1255 1433 1384 1475 etiam
1413 1433 1459 1474 in
1483 1431 1604 1473 libris

269 1489 341 1531 De
376 1489 640 1545 Republica,
683 1487 877 1544 Gorgia,
915 1489 1121 1538 Politioo,
1161 1489 1256 1531 aliis
1295 1489 1468 1543 scriptis
1507 1487 1604 1528 illu-

268 1545 391 1587 strati
430 1544 558 1587 sunt?
626 1544 800 1600 Quippe
839 1543 892 1585 de
921 1545 1086 1587 musica
1131 1552 1176 1586 et
1213 1544 1508 1600 gymnastica,
1551 1542 1604 1583 de

270 1602 425 1642 virtute
455 1600 621 1652 civit-ati
658 1600 907 1655 proposita,
956 1600 1008 1642 de
1055 1600 1407 1654 difficultatibus,
1449 1599 1605 1654 quibus

269 1657 486 1712 perfectae
543 1655 730 1698 civitatis
787 1655 1039 1697 constitutio
1100 1655 1403 1710 impediretur,
1484 1653 1603 1696 deni-

270 1726 354 1766 que
398 1711 452 1753 de
512 1711 606 1754 aliis
657 1710 804 1752 multis
845 1707 893 1751 id
923 1726 1062 1767 genus
1104 1711 1255 1763 rebus,
1314 1711 1411 1765 quis
1443 1724 1603 1765 quaeso

269 1773 336 1809 est
366 1767 469 1821 quin
508 1773 714 1822 protenus
745 1765 890 1807 videat
925 1766 1170 1809 necessario
1209 1766 1337 1808 etiam
1390 1767 1434 1808 in
1472 1765 1605 1820 Legi-

268 1823 351 1865 bus
402 1822 711 1876 disputandum
758 1821 918 1875 fuisse,
968 1822 1052 1864 nisi
1101 1821 1386 1876 philosophus
1432 1821 1603 1863 institu-

271 1886 357 1920 tam
375 1878 420 1919 in
441 1877 509 1920 his
529 1878 652 1920 libris
672 1877 1007 1932 disputationem
1039 1877 1225 1932 denique
1245 1892 1438 1919 mancam
1458 1882 1502 1918 et
1528 1876 1605 1919 im-

269 1934 507 1988 perfectam
546 1934 789 1987 relinquere
828 1932 988 1975 vellet?
1031 1933 1138 1975 .Iam
1166 1947 1269 1975 vero
1310 1933 1347 1975 si
1388 1931 1605 1988 quaeritur

271 2004 456 2045 quanam
496 1989 542 2031 id
574 1990 740 2031 ratione
771 1988 935 2040 fecerit,
967 1989 1160 2031 videmur
1188 1988 1281 2030 iure
1310 1995 1459 2032 nostro
1487 1987 1604 2031 affir-

271 2060 385 2088 mare
416 2051 546 2099 atque
576 2044 853 2098 contendere,
885 2044 990 2086 nihil
1021 2043 1255 2099 quidquam
1283 2044 1338 2086 ab
1368 2043 1604 2086 eostolide

271 2099 347 2143 aut
383 2101 528 2155 inepte
565 2100 706 2156 repeti
735 2099 895 2153 solere,
926 2100 1004 2143 sed
1033 2100 1176 2142 omnia
1203 2099 1336 2143 totius
1367 2100 1510 2154 operis
1539 2113 1602 2140 ra-

269 2156 458 2198 tionibus
495 2155 1126 2199 convenientersollertissimo
1155 2155 1337 2199 consilio
1366 2155 1436 2197 vel
1463 2155 1602 2198 fusius

269 2211 485 2255 illustrata
503 2226 598 2255 esse
628 2211 697 2253 vel
726 2211 771 2253 in
788 2211 963 2255 brevius
981 2217 1201 2254 contracta
1219 2209 1298 2253 vel
1317 2211 1445 2253 etiam
1465 2210 1605 2253 alior-⁴
1643 2226 1644 2254 ι

269 2282 363 2310 sum
393 2266 579 2318 deflexa3
622 2266 675 2309 de
715 2281 801 2321 qua
835 2281 880 2309 re
908 2283 1005 2310 >non
1042 2273 1128 2309 uno
1155 2266 1258 2309 loco.
1282 2266 1499 2323 copiosius
1524 2280 1600 2308 ex·
1638 2270 1644 2311 ἧι

268 2323 491 2379 posuimus
521 2322 572 2364 ¹in
614 2320 953 2366 Commentariis.
1020 2321 1150 2376 Quid·
1175 2322 1335 2378 igitur?
1373 2322 1502 2365 rebus
1540 2322 1602 2363 ita
1637 2317 1644 2379 j'

268 2378 526 2435 comparatis
563 2378 763 2420 licebitne
801 2378 893 2420 iure
930 2378 1009 2420 vel⁴
1027 2376 1285 2421 levissimam
1308 2391 1374 2419 fex
1402 2377 1499 2420 istis
1529 2383 1605 2420 ca*
1636 2388 1643 2426 ‘z‘

268 2449 374 2490 pere
420 2433 672 2478 temerariae
719 2433 980 2478 imitationis
1010 2432 1330 2489 suspicionem?
1362 2471 1365 2473 .
1388 2431 1463 2476 Ad
1492 2432 1599 2474 haec
1634 2435 1640 2491 ᾖ

269 2505 371 2532 vero
409 2489 577 2533 accedit
614 2489 740 2531 etiam
771 2489 900 2533 aliud
944 2487 1051 2543 quid
1091 2487 1289 2545 diligenti
1333 2487 1599 2537 animadver-

269 2546 388 2588 sione
434 2546 562 2602 longe
588 2544 921 2601 dignissimum.
995 2544 1167 2589 Etenim
1206 2558 1336 2599 quum
1385 2542 1599 2586 interdum
1632 2547 1637 2603 ξ(

269 2600 543 2645 eaedem.res
583 2615 632 2643 ac
677 2599 1247 2655 sententiaeproferantur,
1286 2614 1394 2654 quae
1424 2599 1470 2641 in
1504 2599 1597 2641 aliis
1634 2611 1642 2644 jv
