1644 2886
260 83 344 125 DE
381 80 657 125 LEGIBUS
695 82 814 123 [AB.-
847 81 947 123 Vll.
982 81 1028 123 Ρ.
1062 81 1156 124 8⁴21.
1192 80 1256 124 St.
1347 82 1427 122 355

174 202 279 244 ΚΛ.
354 199 414 245 Τὸ
453 207 584 244 ποῖον
620 199 675 254 δὴ
712 202 903 259 ψεῦδος;

174 268 274 311 ΑΘ.
347 269 504 322 Ψαμὲν
539 266 656 310 αὐτα
695 268 906 311 ovidianis
935 265 1018 320 τὴν
1054 258 1202 318 αὐτὴν
1235 263 1344 308 ὁδὸν
1371 269 1430 309 λέ·

76 352 162 384 ναι,
192 336 264 377 καὶ
298 332 397 376 ἄλλ’
450 331 568 376 ἅττα
611 332 758 391 ἄστρα
800 334 911 389 μετὰ
960 332 1152 384 τούτων,
1201 333 1429 387 ὲπονομά·

72 403 220 454 ζοντες
254 398 459 453 πλανητὰ
499 400 630 444 αὐτοί.

176 469 277 510 ΚΛ.
348 465 528 520 Νὴ“τὸν
553 471 651 518 Δία,
686 460 718 509 ὦ
749 467 851 520 ξένε,
887 466 1066 520 ἀληθὲς
1101 466 1239 510 τοῦτο
1274 467 1429 520 λέγεις·
1477 465 1512 505 C

72 539 118 577 ἑν
151 532 238 591 γὰρ
275 533 329 586 δὴ
368 535 429 590 τῷ
463 536 547 590 βίῳ
590 534 804 585 πολλάκις
848 535 1021 591 ἑώρακα
1058 536 1133 577 καὶ
1178 530 1320 582 αὐτὸς
1352 531 1430 578 τόν

74 618 119 644 τε
158 599 424 660 ‘Ewgcpo‘pov
469 605 543 645 καὶ
589 601 670 656 τὸν
702 600 918 658 ’Ἑσπερον
965 604 1038 644 καὶ
1081 601 1248 651 ἄλλους
1303 598 1432 652 τινὰς

72 667 284 712 οὐδέποτε
331 669 484 719 ἰόντας
520 673 580 719 εὶς
615 669 696 713 τὸν
743 667 885 712 αὐτὸν
931 667 1096 725 δρόμον
1131 667 1193 716 ἀλ
1235 665 1243 680 “
1285 665 1431 728 πάντῃ

73 738 398 791 πλανωμένους,
433 733 514 779 τὸν
546 739 591 779 δὲ
616 734 782 778 ’Ήλιόν
818 752 904 779 που
941 738 1014 778 καὶ
1045 733 1256 787 Σελήνην
1292 737 1431 790 δρῶν-

74 819 154 852 τας
191 802 332 845 ταῦθ’
375 801 404 845 ἂ
441 803 511 845 ἀεὶ
549 803 715 853 πάντες
749 800 1131 857 ξυνεπιστοίμεθα.

175 870 275 913 ΑΘ.
334 870 472 912 Ταῦτ’
516 874 608 912 ἔστι
644 875 808 920 τοίνυν,
844 863 877 912 ὦ
906 872 1095 924 Μέγιλλέ
1128 885 1182 930 ts(
1203 871 1278 912 καὶ
1306 870 1431 911 Κλει-

74 941 160 986 νία,
196 939 279 979 νῦν
313 934 343 978 ἃ
379 938 432 989 δή
469 955 585 996 φημι
619 940 710 980 δεῖν
747 941 846 992 περὶ
887 939 1010 980 θεῶν
1030 938 1121 979 τῶν
1152 934 1251 978 κατ’
1297 936 1433 991 οὐρα-

75 1004 156 1046 νὸν
204 1003 308 1053 τούς
344 1021 388 1057 γε
437 1005 673 1063 ὴμε-τέρους
720 1007 906 1066 πολίτας
943 1020 988 1046 τε
1037 1006 1127 1046 καὶ*
1158 1002 1263 1052 τοὺς
1313 1007 1438 1052 νέους

77 1069 123 1113 τὸ
169 1076 292 1127 μέχρι
347 1074 566 1115 τοσούτου
626 1074 799 1127 μαθεῖν
843 1075 941 1128 περὶ
982 1068 1197 1113 ἁπάντων
1250 1068 1433 1121 τούτων,
1465 1056 1507 1098 D

77 1234 108 1257 a.
142 1225 385 1267 Repetendum
417 1224 717 1266 καταψευδόμεθα.
775 1227 890 1268 Vulgo
921 1230 1003 1259 ante
1034 1222 1165 1265 ψεῦδος
1198 1225 1437 1267 interponitur

77 1271 192 1314 λέγεις,
218 1273 311 1314 quod
338 1273 478 1304 videtur
503 1284 544 1304 ex
572 1278 800 1315 praepostera
826 1273 1063 1315 explicatione
1087 1276 1203 1304 ortum
1228 1281 1318 1304 esse.
1366 1270 1435 1304 Ve-

76 1328 155 1350 rum
177 1320 309 1359 primus
335 1318 518 1351 Bekkerus
543 1320 708 1351 restituit.

76 1441 116 1463 ra
148 1431 241 1472 qnod
275 1431 508 1472 philosophus
544 1431 630 1464 deos
662 1441 722 1473 ap-

75 1477 202 1518 pellat,
240 1477 333 1508 idem
368 1478 472 1518 plane
503 1477 587 1509 fecit
619 1479 723 1509 etiam

75 1524 112 1554 in
130 1522 290 1562 Timaeo,
314 1523 372 1554 ubi
398 1528 537 1564 praeter
551 1532 723 1556 summum

76 1569 180 1601 deum
205 1574 239 1600 et
270 1574 406 1610 patrem
439 1570 595 1601 universi
622 1579 722 1601 mun·

77 1615 264 1656 di‚.qnem
290 1620 324 1646 et
349 1615 511 1647 invenire
536 1621 570 1647 et
599 1616 721 1647 inven-

75 1666 148 1693 tum
175 1661 279 1702 vulgo
297 1661 455 1693 indicare
473 1662 619 1694 difficile
643 1671 723 1694 csse

75 1707 266 1740 arbitratur
283 1707 389 1747 (Tim.
404 1718 437 1748 p.
451 1707 508 1741 28.
522 1708 593 1749 E.)‚
614 1708 720 1740 etiam

76 1753 242 1785 universo
275 1754 406 1784 mundo
451 1759 559 1794 atque
595 1754 720 1786 sideri-

75 1799 140 1831 bus
165 1810 206 1831 ac
231 1800 344 1831 stellis
383 1799 580 1831 divinitatis
609 1800 721 1831 hono-

77 1855 150 1876 rem
174 1844 346 1877 attribuit.
382 1846 501 1886 Atque
525 1845 617 1877 idem
653 1850 722 1878 sta-

78 1891 145 1922 tuit
178 1891 283 1922 etiam
314 1889 409 1923 infra
444 1891 535 1922 libro
572 1891 723 1932 decimo,

78 1937 136 1968 ubi
163 1937 207 1968 de
231 1937 286 1968 his
314 1935 418 1968 rebus
444 1937 640 1977 explicatur
665 1947 724 1969 co-

77 1983 225 2025 piosius.
246 1982 290 2014 In
310 1991 380 2024 quo
406 1982 640 2024 philosophus
660 1983 723 2014 ali-

77 2029 163 2070 quid
195 2029 368 2061 concessit
410 2029 634 2070 popularium
667 2039 723 2060 su-

78 2084 178 2106 orum
204 2074 452 2116 opinionibus,
477 2075 538 2116 qui
564 2073 724 2114 Terram,

79 2119 217 2161 Solem,
247 2121 388 2152 Lunam
423 2130 488 2162 pro
514 2121 582 2152 diis
618 2120 724 2152 habe-

79 2167 164 2199 bant
189 2171 223 2199 et
257 2171 425 2207 tanquam
449 2166 535 2198 deos
561 2166 725 2198 colebant

78 2223 119 2246 nc
151 2213 423 2245 venerabantur.
472 2211 528 2244 De
563 2217 724 2244 astrono-

79 2259 199 2299 micis,
242 2269 332 2301 quae
371 2258 430 2290 hie
474 2263 724 2298 memorantur,

81 2305 224 2336 omnino
274 2304 512 2337 consulendus
558 2303 725 2336 Timaeus

80 2355 132 2382 est
155 2361 189 2392 p.
214 2349 271 2384 38.
298 2349 337 2382 C.
366 2350 459 2381 unde
492 2350 585 2382 hunc
610 2351 726 2382 locum

81 2396 271 2429 illustravit
302 2397 407 2428 etiam
433 2395 665 2428 Bockhius
690 2397 727 2427 in

82 2441 194 2474 libro·
239 2441 727 2484 Untersuchungen

83 2483 197 2518 fiber
228 2488 306 2520 das
340 2487 626 2520 kosmische
657 2487 728 2529 Sy-

84 2537 198 2566 ntem
214 2533 290 2566 des
315 2533 486 2574 Platon,
512 2544 545 2574 p.
565 2533 660 2567 34—
672 2533 728 2567 57.

129 2577 170 2610 C.
229 2576 421 2620 δρῶντας
455 2575 583 2617 ταῦθ’
611 2577 632 2612 ἃ
665 2574 729 2611 ἀεὶ

84 2621 241 2665 πάντες
267 2622 599 2669 ξυνοεπῂὃοηω
626 2636 728 2658 vero

84 2674 129 2703 et
149 2669 318 2703 Lunam
343 2675 385 2701 et
408 2671 501 2712 ipae
527 2673 617 2704 vidi
644 2673 729 2704 ista

129 2725 214 2756 Plnt.
244 2727 334 2767 Opp.
362 2727 440 2756 Voli
467 2726 511 2758 X.
541 2727 634 2760 Sevi.
663 2728 708 2759 11.

601 2789 640 2830 ,β

794 1430 1020 1470 facientes,
1046 1440 1156 1471 quae
1181 1429 1313 1462 abiis
1337 1438 1434 1460 sem-

793 1487 866 1518 per
899 1477 1002 1508 fieri
1039 1486 1184 1508 omnes
1219 1475 1436 1514 novimus,

793 1527 831 1554 ut
865 1523 1032 1554 videlicet
1064 1522 1241 1576 quotidie
1257 1522 1436 1553 oberrent.

791 1569 948 1600 Astius
982 1579 1046 1609 pro
1080 1563 1189 1599 ταῦθ’
1221 1563 1243 1599 ἃ
1276 1563 1334 1599 ἀει
1356 1577 1436 1599 cor-

790 1615 883 1646 rexit
923 1614 1029 1646 ιαῦια
1063 1610 1115 1646 αἐὶ
1153 1610 1295 1655 πάντες,
1341 1613 1437 1655 quod

790 1661 922 1702 legisse
957 1661 994 1692 in
1037 1661 1138 1692 libris
1181 1661 1256 1692 suis
1295 1660 1438 1692 videtur

789 1707 1000 1747 Ficinus‚
1035 1708 1096 1749 qui
1128 1707 1254 1738 vertit:
1287 1706 1438 1738 solem

788 1758 933 1785 autem
968 1763 1015 1784 ac
1050 1753 1218 1784 lunam
1254 1761 1439 1784 errare

789 1809 962 1840 semper
1004 1808 1152 1830 omnes
1198 1797 1439 1839 cognovi-

789 1855 823 1876 m
838 1855 898 1876 us.
928 1843 1005 1875 Nec
1031 1845 1178 1875 multum
1203 1843 1246 1876 ab
1270 1843 1338 1875 hac
1361 1853 1439 1876 sen-

791 1891 901 1922 tentia
936 1890 1071 1921 recedit
1096 1889 1343 1929 Orellius,
1379 1889 1439 1943 qui

793 1936 982 1977 legendum
1006 1941 1143 1967 censet:
1179 1933 1334 1976 δρῶντας
1359 1945 1439 1966 ταυ-

794 1979 832 2013 τὰ
859 1979 920 2013 ἀεί.
968 1980 1042 2013 Sed
1073 1982 1140 2014 hoc
1175 1982 1205 2013 si
1238 1981 1438 2023 scripsisset

793 2028 914 2068 Plato,
948 2026 1100 2060 Cliniam
1137 2027 1280 2059 fecisset
1319 2027 1438 2059 dicen—

793 2079 881 2114 tem,
920 2074 1027 2106 etiam
1065 2072 1184 2106 Solem
1226 2078 1261 2105 et
1300 2073 1439 2106 Lunam

794 2116 962 2152 οὐδέποτε
1004 2117 1122 2151 ἰόντας
1152 2117 1202 2150 εἰς
1235 2116 1296 2150 τόν
1329 2115 1439 2152 αὐτὰν

794 2164 944 2207 δρόμον,
978 2162 1059 2197 ἀλλὰ
1091 2163 1200 2206 πάντῃ
1227 2165 1437 2197 πλανᾶσθαι.

782 2211 898 2250 'Quod
922 2222 943 2244 a
967 2222 1006 2244 re
1037 2213 1115 2254 ipsa
1144 2212 1356 2253 longissime
1387 2214 1455 2244 est'

792 2259 958 2290 alienum.
1009 2258 1212 2290 Pronomen
1246 2258 1350 2295 ταῦτα
1374 2258 1440 2299 igi-

794 2310 851 2336 tur
876 2305 1031 2346 positum
1057 2310 1111 2336 est
1138 2302 1312 2336 δεικτικῶε
1336 2304 1380 2335 de
1403 2313 1441 2334 re

795 2351 966 2392 qnotidie
999 2351 1180 2382 oculorum
1235 2350 1440 2391 conspectui

796 2397 974 2436 subiecta,
1007 2401 1045 2427 ut
1069 2406 1192 2437 saepe3
1229 2407 1261 2429 v.
1286 2396 1331 2429 ad
1358 2395 1442 2427 Phi·

796 2443 863 2474 leb.
889 2453 923 2483 p.
950 2441 1005 2476 59.
1028 2433 1073 2474 Ᾰ.
1101 2439 1192 2474 ada·
1224 2438 1334 2473 ἆεὶπ.
1363 2438 1442 2481 ξυν-

797 2486 1010 2527 επισιάμεθα
1037 2492 1154 2520 autem
1183 2488 1304 2519 iterari
1336 2496 1440 2528 opor-

796 2538 849 2566 tet
873 2531 1038 2576 δρῶντας,

846 2577 887 2610 τὸ
919 2579 1042 2620 μέχρι
1078 2575 1245 2610 toooti
1258 2588 1352 2611 του.
1371 2587 1438 2618 μα-

799 2625 897 2656 θεῖν
925 2644 964 2650 -
989 2623 1112 2666 μέχρι
1150 2625 1226 2656 τοῦ
1261 2618 1312 2666 μὴ
1347 2623 1440 2669 βλα-

800 2670 1002 2712 σφημεῖν]
1028 2670 1166 2704 Eodem
1182 2671 1287 2702 modo
1304 2669 1382 2701 libr.
1400 2669 1443 2702 ΙΙ.

1110 2726 1163 2766 25
