1644 2886
275 123 354 164 236
744 122 1119 166 PLATONIS

275 252 382 280 σεων
415 237 474 291 μὴ
510 241 725 290 μετεχέτω,
762 235 839 279 ἐὰν
858 239 1114 293 ἀκοσμοῦσα
1135 237 1335 288 ὡςαύτως
1354 238 1589 299 ἀναγραφῇ

277 305 367 345 καὶ·
390 301 449 356 μὴ
492 304 563 360 ἕλῃ
614 301 693 354 τὴν
740 304 875 355 δίκην.
921 303 1031 347 ὅταν
1075 306 1118 347 δὲ
1165 303 1216 356 δὴ
1253 306 1411 352 παῖδας
1444 305 1591 358 γεννή-

275 384 435 410 σωνται
468 365 580 409 κατὰ
617 366 800 423 νόμους,
829 374 906 412 ὲαν
941 370 1152 425 ἀλλοτρίῳ
1186 387 1247 420 τις
1281 373 1377 425 περὶ
1410 371 1465 411 τα
1504 386 1591 413 τοι-

277 436 390 475 αῦτα
437 435 618 492 κοινωνῇ
665 438 833 487 γυναικὶ
870 433 895 487 ἢ
930 435 1037 489 γυνὴ
1072 436 1221 490 ἀνδρί,
1269 436 1347 478 ἐὰν
1381 438 1459 489 μὲν
1494 453 1593 477 παι-

277 503 606 553 δοποιουμένοις
653 502 737 550 ἔτι,
784 500 837 543 τὰ
889 502 1004 544 αὐτα
1048 503 1248 555 ἐπιζήμια
1290 501 1441 550 αὐτοῖς
1474 504 1593 550 ἔστω,

276 566 483 619 καθάπερ
520 573 614 615 τοῖς
647 572 707 608 ἔτι
736 574 1015 622 γεννωμένοις
1034 570 1221 624 εἴρηται·
1259 566 1363 622 μετὰ
1390 569 1592 609 δὲταῦτα

276 630 299 674 ὁ
347 634 426 686 μὲν
472 633 710 688 σωφρονῶν
756 635 828 676 καὶ
875 636 1161 692 σωφρονοῦσα
1206 639 1262 683 εὶς
1307 631 1361 676 τὰ
1408 636 1593 675 τοιαῦτα

277 702 379 741 ἔστω
428 698 575 740 πάντα
619 696 864 753 εὐδόκιμος,
921 699 943 742 ὁ
994 703 1037 743 δὲ
1088 699 1351 744 τούναντίον
1392 704 1595 750 ἐναντίως

278 762 513 817 τιμάσθω,
558 765 727 818 μᾶλλον
762 767 805 808 δὲ
838 766 1132 820 ἀτιμαζέσθω.
1170 769 1241 808 καὶ
1277 764 1595 821 μετριαζόντων

277 833 355 883 μὲν
391 833 485 883 περὶ
523 826 575 871 τὰ
614 832 797 873 τοιαῦτα
826 834 908 873 τῶν
929 832 1137 875 πλειόνων
1160 831 1477 886 ἀνομοθέτητα
1500 834 1594 891 σιγῇ

368 981 406 1012 Ι).
455 980 526 1011 καὶ
556 982 735 1022 γενέσεις
767 981 950 1021 παίδων]
977 982 1035 1014 Sic
1060 986 1141 1014 vett.
1165 982 1259 1014 editt.
1285 991 1359 1014 cum
1386 982 1485 1014 codd.
1512 992 1593 1023 pau—

278 1026 434 1058 cissimis.
483 1025 566 1058 Nam
593 1035 654 1067 pro
677 1029 818 1068 γενέσεις
842 1025 964 1058 habent
987 1030 1143 1068 γενέσεων
1165 1028 1213 1058 Ω.
1237 1036 1266 1058 v.
1291 1026 1312 1058 f.
1336 1037 1366 1059 a.
1394 1039 1421 1059 c.
1447 1027 1477 1058 ὃ.
1506 1039 1536 1058 ο.
1563 1033 1596 1059 et

278 1081 367 1103 corr.
398 1072 443 1103 A.
478 1071 534 1103 ulii
568 1075 685 1103 contra
719 1072 756 1103 Ξ.
790 1070 820 1103 b.
854 1077 888 1104 et
919 1081 1024 1114 marg.
1049 1073 1097 1104 Ω.
1129 1083 1159 1105 a.
1186 1082 1214 1103 c.
1238 1071 1267 1102 δ.
1301 1072 1493 1113 γενεθλίων.
1541 1071 1596 1104 De

277 1120 496 1148 controversa
527 1117 594 1148 loci
626 1116 793 1158 scriptura
826 1116 971 1148 diximus
1004 1118 1036 1148 in
1067 1117 1290 1150 enarratione.
1323 1116 1528 1149 Turicenses
1552 1116 1595 1149 de

276 1162 472 1194 coniectura
499 1161 524 1194 1.
550 1161 593 1193 G.
621 1160 818 1194 Schneideri
837 1163 1054 1202 'scripserunt
1076 1167 1207 1204 γενέσια
1231 1164 1295 1193 -ιῶν
1318 1174 1373 1202 π.,
1400 1161 1489 1203 quod
1514 1162 1595 1193 ferri

275 1217 340 1240 non
366 1216 470 1249 posse
495 1211 588 1243 recte
614 1206 780 1239 iudicavit
807 1207 1032 1239 Hermannus.

368 1251 407 1285 E.
454 1252 554 1284 ἕσιω
579 1250 744 1293 πάντα]
778 1252 976 1286 νμίιινετεο
1004 1253 1121 1286 ordine
1145 1252 1256 1284 πάντα
1282 1253 1382 1292 ἔστω,
1406 1251 1498 1293 quod
1524 1257 1596 1285 tue·

279 1364 440 1405 scriptum
467 1362 662 1395 exhibeant.
694 1362 783 1395 Hinc
808 1363 907 1395 refin-

974 1372 1157 1405 penumero
1181 1363 1309 1395 factum
1336 1372 1413 1394 esse
1431 1363 1596 1401 novimus,

278 1413 337 1451 gat
353 1409 492 1450 aliquis:
517 1409 566 1449 εἰς
590 1405 675 1440 τούς
698 1406 828 1450 γάμους
852 1409 905 1440 καὶ

973 1413 1009 1440 ut
1025 1409 1139 1440 vitium
1154 1408 1236 1439 vitio
1255 1411 1465 1439 nasceretur.
1491 1407 1521 1439 H
1534 1418 1553 1439 e
1564 1417 1595 1439 r-

278 1454 439 1496 γενέθλια
463 1455 529 1485 τῶν
552 1452 684 1485 παίδων
709 1464 746 1494 φ.
771 1456 822 1486 vel
853 1454 906 1485 καὶ

278 1499 434 1543 γενέθλια
474 1497 615 1532 παίδων.
670 1499 799 1531 Verum
839 1509 905 1532 non

278 1556 366 1588 opus
400 1554 478 1577 esse
514 1549 677 1586 putamus
716 1544 904 1577 istiusmodi

278 1590 480 1624 mutatione.
527 1589 614 1621 Nam
643 1588 751 1632 proba
779 1593 831 1621 est
858 1591 905 1621 ie-

278 1637 347 1668 ctio
372 1634 536 1677 γενέσεις,
567 1635 659 1675 quod
685 1634 801 1675 posuit
825 1634 906 1666 scri-

278 1685 356 1723 ptor
381 1691 443 1723 pro
465 1690 519 1719 eo,
547 1679 638 1720 quod
663 1679 835 1712 antecedit
859 1678 907 1710 eis·

280 1724 339 1759 τὰς
386 1726 452 1758 τιῦν
499 1723 628 1757 παίδων
674 1722 907 1762 ὲπιτελεώσειε,

277 1774 356 1814 quia
406 1771 566 1804 mulieres
617 1769 764 1804 indicare
803 1770 908 1801 voluit

280 1827 345 1850 non
375 1817 476 1850 modo
506 1815 548 1848 ad
581 1825 678 1847 sacra
709 1816 772 1847 ista
811 1820 907 1848 nata-

280 1863 353 1894 licia
380 1862 496 1893 venire
515 1861 636 1900 solere,
666 1870 778 1892 verum
807 1861 907 1892 etiam

279 1908 354 1941 aliis
418 1907 732 1948 opportunitatibus
786 1904 909 1938 domos

281 1956 505 1992 cognatorum
538 1956 573 1983 et
598 1951 806 1990 amicorum,
836 1951 909 1991 qui-

280 1999 344 2031 bus
375 1998 522 2030 infantes
557 1997 623 2032 nati
664 2001 798 2035 essent,
838 1997 909 2027 sine

281 2044 452 2076 dedecore
487 2041 657 2075 amicitiae
688 2046 723 2074 et
760 2041 910 2073 caritatis

282 2087 513 2122 testificandae
547 2096 668 2120 caussa
699 2096 803 2128 posse
828 2086 909 2118 invi-

283 2145 371 2167 sere.
419 2134 540 2174 ltuque
570 2132 716 2173 γενέσεις
739 2141 807 2163 non
833 2134 910 2163 sunt

282 2183 419 2221 partus,
448 2178 508 2209 sed
532 2176 691 2210 dicuntur
715 2178 828 2218 panno
852 2176 913 2208 ali-

284 2230 346 2257 ter.
394 2223 472 2255 Hoc
496 2222 643 2264 γενὲσειε
662 2232 743 2254 vero
770 2222 912 2263 primum

285 2271 315 2302 in
341 2267 506 2311 γενέσεων
531 2267 751 2309 depravatum
782 2267 916 2299 videtur

284 2315 327 2348 ob
352 2315 570 2354 insequentes
584 2313 754 2355 genitivos
780 2315 815 2344 et
837 2311 914 2353 quia

283 2370 349 2392 non
375 2360 588 2391 intellectum
621 2364 674 2391 est
707 2362 914 2390 connecten—

283 2405 363 2438 dum
388 2415 464 2437 esse
497 2403 550 2435 καὶ
574 2403 623 2436 εἰς
647 2403 814 2446 γενέσειες
849 2411 913 2443 qua

283 2451 315 2482 in
341 2460 378 2482 re
403 2449 554 2482 fraudem
587 2449 668 2482 fecit
691 2450 790 2481 etiam
818 2449 910 2479 inso-

284 2496 409 2528 ientior
440 2494 598 2526 vocabuli
632 2504 725 2526 usus.
783 2487 913 2525 Deinde

284 2551 366 2573 vero
390 2541 432 2572 ab
458 2539 531 2572 aiiis
556 2544 720 2571 mutatum
744 2537 825 2570 iuud
850 2538 912 2570 eti-

285 2597 337 2618 um
375 2586 406 2618 in
431 2584 633 2627 γενεθλίων,
664 2595 752 2625 quae
783 2584 914 2615 scilicet

284 2634 378 2662 esset
411 2631 502 2663 iilius
531 2631 683 2662 lectionis
709 2631 911 2671 interpreta-

284 2677 341 2707 tio.
394 2676 442 2708 ita
469 2676 592 2708 sactum
627 2681 692 2712 cst,
725 2673 813 2715 quod
839 2684 912 2705 sae-

975 1463 1150 1487 mannus
1198 1452 1344 1494 γενέσεις
1390 1452 1478 1484 idem
1520 1462 1597 1484 esse

974 1500 1044 1532 vuit
1067 1499 1157 1540 quod
1183 1497 1349 1539 γενέθλια.

1020 1544 1058 1576 Ε.
1107 1542 1179 1575 ἐὰν
1210 1542 1281 1583 μὲν
1316 1540 1595 1574 παιδοποιου-
1627 1540 1629 1542 ’

972 1588 1140 1631 μένοις]
1165 1589 1230 1620 Int.
1257 1587 1423 1627 κοινωνῇ;
1447 1588 1480 1619 h.
1504 1599 1533 1620 e.
1559 1597 1597 1618 en

971 1636 1084 1666 aetate
1112 1643 1213 1675 quum
1246 1632 1355 1664 adbuc
1387 1636 1486 1672 sunt,
1531 1641 1598 1672 qun

973 1689 1014 1711 ex
1041 1679 1172 1719 legibus
1207 1677 1334 1710 debent
1365 1677 1492 1709 liberos
1517 1687 1597 1718 pro—

973 1734 1099 1757 creare.

1019 1769 1088 1800 καὶ
1113 1764 1431 1808 μετριαζόντων
1455 1766 1597 1807 μὲν-]

976 1815 1024 1846 Et
1049 1813 1245 1847 modeste
1274 1812 1445 1853 quidem
1472 1811 1598 1844 iubis

975 1860 1010 1891 si
1049 1870 1092 1891 se
1128 1858 1244 1900 gerit
1283 1859 1413 1890 maior
1448 1856 1597 1890 civium

978 1914 1091 1946 pars,
1143 1903 1308 1943 legibus
1363 1912 1408 1934 ea
1466 1902 1599 1934 nuliis

977 1949 1217 1982 constituta
1277 1948 1462 1980 silentio
1509 1957 1598 1988 pre—

977 2001 1168 2032 muntor‚·
1203 1992 1264 2024 sin
1294 1997 1433 2025 autem
1461 1992 1598 2024 immo-

976 2039 1117 2073 derati
1153 2037 1466 2079 sunt,1egibu=
1492 2037 1599 2069 desi-

977 2087 1065 2117 nita
1091 2087 1356 2126 peraguntur
1371 2082 1599 2115 secundum

978 2133 1104 2171 leges
1129 2133 1210 2161 tum
1237 2127 1439 2170 scriptas.

1026 2174 1065 2207 P.
1091 2174 1168 2208 785.
1222 2173 1328 2213 ζωῆς
1363 2168 1516 2214 ἀρχὴν]
1555 2173 1597 2204 H.

980 2231 1010 2253 e.
1035 2217 1080 2252 ὥς
1102 2220 1191 2261 ζωῆς
1215 2215 1327 2259 ἀρχήν.

1025 2262 1370 2308 παραγεγράφθω
1394 2258 1428 2293 δ’
1455 2260 1497 2293 ἐν
1522 2264 1599 2293 τοί-

980 2322 1033 2353 χῳ
1064 2310 1128 2352 -]
1170 2308 1426 2340 inscribitor
1459 2311 1598 2339 autem

977 2354 1014 2394 (ὁ
1047 2356 1179 2397 πρῶτος
1210 2354 1270 2385 τοῦ
1308 2352 1390 2394 βιόυ
1427 2349 1600 2393 ἐνιαυτός)

980 2402 1019 2434 in
1069 2401 1234 2443 pariete
1281 2398 1484 2430 dealbato
1528 2407 1600 2439 per

979 2449 1109 2478 totam
1166 2444 1402 2485 phratriam
1457 2451 1599 2475 secun-

980 2491 1072 2523 dum
1099 2499 1314 2522 numerum
1340 2487 1598 2526 archontum,

979 2538 1048 2577 qui
1095 2535 1142 2567 ad
1201 2544 1336 2566 annos
1387 2532 1598 2566 notandos

980 2580 1050 2623 (ἐπὶ
1078 2584 1146 2612 tois
1165 2579 1285 2620 ἔτεσιν)
1311 2582 1596 2610 numerantur.

981 2625 1180 2658 cuiusmodi
1218 2625 1430 2665 magistratus
1466 2621 1600 2653 Athenis

983 2671 1084 2704 fuisse
1118 2675 1267 2708 constat,
1307 2670 1363 2708 qui
1407 2668 1599 2709 simpliciter
