1644 2886
250 78 330 118 328
786 79 1152 122 PLATONIS

247 200 353 234 ποῖα
388 209 459 233 και
498 194 592 234 τίνα
617 194 993 248 μεταχειρίζεσθαι
1014 193 1170 250 χρήσω.
1191 196 1365 250 τρόπον,
1384 192 1414 239 ὦ
1435 196 1584 252 ἄριστε

250 258 334 298 τῶν
379 259 545 298 παίδων
588 256 836 310 ἐπιμελητά,
882 257 983 308 τοὺς
1027 258 1112 302 ὑπὸ
1159 264 1239 305 σοῦ
1285 269 1586 320 τρεφομένους,

253 321 332 364 οὐκ
370 320 611 376 εἰρήκαμεν.
657 339 800 366 καιτοι
848 339 900 364 τα
948 326 1026 378 μὲν
1066 329 1160 381 περὶ
1201 325 1276 369 τὸν
1311 329 1523 382 πόλεμον,
1557 329 1610 378 οιν

250 390 311 429 δεῖ
344 386 595 437 μανθάνειν
631 403 673 429 τε
707 386 872 437 αὐτοὺς
906 392 1190 443 καὶμελετᾶν,
1226 395 1330 448 ἔχεις
1358 395 1417 447 τῷ
1445 394 1585 448 λόγῳ·

248 450 301 492 τὰ
339 453 382 493 δε
418 455 513 506 πεοὶ
549 450 600 493 τὰ
637 452 872 510 γράμματα
909 457 1083 510 πρῶτον
1119 460 1190 503 καὶ
1226 459 1428 515 ὅευτερον
1454 459 1588 514 λύρας

248 521 342 570 περι
361 520 433 559 καὶ
467 519 696 571 λογισμῶν,
732 512 793 563 ὧν
826 521 991 575 ἔφαμεν
1029 524 1127 571 δεῖν,
1166 522 1249 566 ὅσα
1285 541 1327 566 τε
1362 524 1473 578 πρὸς
1508 525 1587 567 πό-

251 585 381 635 λεμον
416 600 486 625 και
526 587 780 637 οἰκονομίαν
814 587 885 626 καὶ
933 603 1012 638 την
1057 587 1168 630 κατὰ
1206 587 1330 632 πόλιν
1379 592 1589 642 διοίκησιν

250 649 407 701 χρῆναι
445 648 654 698 ἑκάστους
685 651 847 703 λαβεῖν,
885 651 1102 707 καὶ“πρὸς
1137 653 1188 695 τὰ
1226 653 1339 697 αὐτὰ
1368 658 1508 698 ταῦτα
1531 660 1588 700 ἔτι

343 834 493 863 χρησοι
525 824 702 868 [ρώπων]
732 826 790 858 Sic
819 828 858 859 A.
876 826 912 858 Ω.
925 827 1241 861 Ξ...Ι.ιῐῆ(“..δ,,οκ’

1294 831 1319 861 L
1324 833 1487 872 egebatur
1513 832 1590 864 oliui

253 865 375 906 xptjrmt
403 870 628 901 Scitin-idirus
657 871 791 910 scripsit.
816 870 878 911 χρηΙ
904 882 967 905 σοι.

347 914 383 944 C.
414 911 457 944 τὰ
482 913 556 952 μὲν
582 916 672 956 περὶ
699 914 771 947 τὸν
799 914 1011 958 πόλεμον]
1037 917 1095 955 μὲν
1120 919 1411 951 om.Ricard.i1.

347 959 411 988 και
439 957 546 999 πρὸς
571 961 616 991 τὰ
643 958 747 991 αὐτὰ
775 962 899 992 ταῦτα
935 962 994 993 ἔτι
1029 960 1071 994 τὰ
1096 964 1175 1004 χρ.]
1209 962 1247 994 τὰ
1271 975 1336 996 om.
1364 964 1438 996 Ric.
1467 963 1496 996 h
1523 964 1592 995 Pro

261 1003 305 1033 ἐίι
333 1001 371 1032 τὰ
396 1012 500 1044 marg.
528 1004 575 1035 Ω.
604 1015 632 1037 a
661 1016 687 1038 c
716 1004 746 1040 δ
776 1008 846 1037 τίνα
869 1004 914 1037 δὲ.

349 1047 386 1079 D.
414 1047 471 1078 εις
496 1047 673 1080 ἕκαστον
699 1053 774 1081 τῶι
799 1051 1025 1092 ἐνιαυτων]
1053 1050 1110 1081 τὸν
1135 1051 1290 1083 ἐνιαυτὸν
1320 1057 1356 1085 Α.
1383 1064 1412 1084 v.
1437 1063 1467 1084 x.
1495 1063 1524 1083 α.
1561 1057 1592 1084 et

258 1203 551 1243 cuiuscunque
596 1206 709 1236 artis
746 1216 791 1237 ac
834 1205 892 1237 di-

259 1248 449 1288 sciplina.
503 1248 536 1279 ln
575 1248 626 1280 his
657 1250 749 1289 quod
781 1249 893 1290 Wyt-

259 1293 454 1324 tenbacli.
488 1293 530 1326 ad
566 1294 739 1350 Plutarch.
771 1294 892 1328 Moral.

260 1339 338 1370 Vol
365 1338 388 1369 1.
416 1348 448 1379 p.
474 1338 529 1372 50
554 1339 608 1369 καὶ
657 1344 751 1372 recte
772 1341 894 1371 abesse

260 1393 364 1423 posse
399 1384 600 1424 arbitratur,
651 1394 713 1415 nos
753 1384 892 1425 quidem

260 1427 448 1459 iudicamus
487 1429 594 1461 aliter.
650 1428 734 1461 Nam
776 1430 892 1460 vocula

262 1473 372 1504 eiecta
397 1473 579 1505 verborum
601 1478 774 1506 structura
800 1474 894 1506 labo-

262 1522 352 1549 raret
376 1526 597 1559 magnopere,
623 1519 684 1550 nisi
711 1519 799 1551 sorte
824 1523 893 1550 sta—

262 1561 368 1593 tueris
393 1562 467 1602 ipsa
491 1561 689 1603 μαθήμαια
706 1563 773 1594 dici
792 1573 894 1604 posse

261 1605 432 1637 §addonem
447 1607 500 1637 καὶ
516 1605 648 1645 ὁτιοῦν,
666 1607 757 1648 quod
778 1613 893 1640 tamen

262 1660 350 1682 nunc
382 1652 492 1683 minu-1
526 1656 641 1693 aptum
668 1657 747 1689 rest,
791 1662 892 1693 quum

262 1695 475 1737 παιδαγωγοὶ
525 1702 742 1738 opponantur
791 1699 895 1738 magi-

263 1741 352 1772 stris.
380 1741 479 1772 Conf.
511 1751 588 1773 mox
615 1752 646 1781 p.
673 1742 750 1776 810.
781 1744 823 1773 A.

297 1786 348 1828 ⁴P.
379 1785 455 1819 809.
494 1785 531 1816 Β.
566 1789 669 1817 ποῖα
701 1787 770 1817 καὶ
801 1788 895 1817 τίνα

262 1829 645 1872 μεταχειρίζεσθαι
682 1834 753 1870 —l
804 1831 897 1864 Vere

264 1875 457 1906 observavit
494 1876 695 1907 Zellerus
737 1875 893 1908 Studior.

267 1920 456 1951 Platonico.
489 1930 521 1959 p.
549 1919 602 1953 79.
633 1921 837 1961 saepissime.
865 1921 897 1951 in

266 1964 314 1996 liis
340 1964 430 1996 libris
455 1964 537 2003 fieri,
564 1969 600 1996 nt
623 1966 672 2005 is,
704 1966 758 2006 qui
784 1966 898 2007 dispu-

267 2013 328 2048 tat,
343 2010 490 2050 aliquem
507 2010 610 2047 fingat
625 2013 782 2051 tanquam
800 2021 898 2052 prae-

267 2058 396 2086 sentem
434 2055 583 2086 sermoni
615 2056 781 2086 interesse
806 2065 899 2087 eum-

266 2109 331 2139 que
356 2099 560 2139 alloquatur.
582 2099 683 2132 Quod
702 2104 815 2132 tamen
834 2109 899 2131 non

272 2155 290 2175 a
308 2144 459 2175 Platonis
482 2143 773 2186 morepbhorrere
788 2154 899 2184 neque

269 2197 330 2229 pro
355 2188 477 2220 vitioso
503 2192 537 2220 et
561 2189 675 2229 inepto
709 2189 895 2221 habendum

268 2243 346 2264 esse
385 2232 448 2264 iam
474 2234 540 2263 alio
566 2234 641 2264 loco
671 2233 897 2266 ostendimus.

268 2278 314 2308 Et
345 2275 408 2308 Ιιοο
438 2276 574 2317 quidem
614 2278 690 2310 loco
721 2279 899 2319 aptissime

268 2321 491 2362 compellatur
516 2321 556 2361 is,
582 2324 638 2363 qui
655 2323 834 2355 universae
849 2323 898 2355 in-

269 2366 435 2398 stitutioni
452 2371 485 2398 et
505 2367 698 2400 educationi
715 2377 897 2408 puerorum

270 2410 461 2452 praefectus
479 2418 544 2451 est,
556 2411 802 2455 quoniamlipse
815 2422 896 2453 quo-

270 2465 334 2497 que
359 2455 544 2487 instituitur
561 2456 771 2497 diligentius,
797 2462 899 2498 atque

271 2500 456 2537 edocetur,
481 2510 545 2539 qua
575 2503 627 2532 iia
654 2505 687 2533 et
713 2502 845 2534 ratione
870 2501 900 2533 in

271 2545 420 2586 regenda
451 2548 486 2576 et
514 2544 723 2578 moderanda
748 2547 900 2578 inventu-

272 2592 313 2621 tis
339 2590 550 2623 institutione
575 2590 622 2621 uti
650 2590 783 2624 debeat.
835 2590 901 2622 Ad-

270 2635 395 2667 duntur
411 2635 498 2667 enim
511 2635 793 2672 dehincnonnulla
806 2645 901 2677 prae-

962 1210 1060 1247 cepta
1082 1206 1123 1238 de
1137 1206 1316 1248 disciplina
1343 1205 1460 1247 puerili
1487 1206 1517 1238 in
1535 1215 1592 1237 su-

962 1252 1152 1292 perioribus
1178 1251 1431 1293 praetermissa.

1007 1296 1045 1328 C.
1092 1298 1236 1327 ῑιαίτοι
1276 1294 1326 1326 τά
1371 1296 1441 1336 μὲν
1487 1294 1595 1334 περὶ

960 1339 1033 1371 τὸν
1059 1339 1152 1372 πόλ.
1163 1341 1177 1381 ]
1227 1341 1411 1381 Corrigens
1431 1339 1473 1371 ab
1499 1340 1594 1370 initio

959 1386 1051 1426 quod
1085 1385 1188 1418 modo
1219 1384 1349 1418 dixerat
1381 1383 1477 1416 addit
1511 1384 1593 1414 hoc:

961 1439 1212 1471 quamquam
1237 1438 1342 1471 quae
1362 1428 1411 1460 ud
1436 1428 1594 1461 bellum

962 1478 1202 1521 spectant„
1243 1477 1452 1515 quatenus
1510 1483 1595 1504 eos

963 1524 1167 1562 oporteat
1200 1519 1373 1551 discere
1405 1523 1448 1550 et
1479 1527 1594 1550 exer-

961 1575 1080 1603 cere,
1125 1564 1166 1595 id
1206 1573 1304 1595 vero
1346 1563 1428 1594 iam
1471 1566 1595 1595 tenes

961 1609 1403 1642 orationeinstituta.
1416 1606 1596 1639 Tumvero

963 1654 1073 1696 pergit
1102 1656 1168 1684 sic.
1207 1653 1290 1684 Sed
1323 1651 1376 1683 de
1407 1652 1594 1690 litteris,

964 1699 1122 1731 musica
1154 1702 1196 1729 et
1230 1695 1500 1737 computandi
1535 1705 1595 1728 ra-

963 1744 1079 1775 tione
1109 1743 1356 1775 etiamnunc
1392 1741 1595 1782 diligen-

964 1789 1051 1820 tius
1082 1786 1384 1828 explicandum
1419 1789 1506 1828 θοις
1543 1784 1596 1817 de

965 1832 1026 1865 liis
1052 1832 1160 1864 enim
1185 1831 1309 1864 rebus
1332 1828 1510 1861 nondum
1536 1840 1594 1861 sa-

965 1879 1024 1910 tis
1049 1886 1094 1908 es
1118 1880 1245 1908 antea
1270 1875 1464 1908 edoctus.
1501 1873 1596 1906 Hanc

967 1932 1048 1954 vero
1074 1921 1276 1953 sententiam
1300 1919 1468 1960 eloquitur
1484 1919 1596 1960 pauno

969 1967 1152 2008 prolixius,
1179 1966 1271 2006 quod
1295 1966 1406 2005 ipsum
1431 1963 1595 2003 deprava-

967 2012 1050 2043 tioni
1076 2011 1252 2044 verborum
1279 2018 1393 2040 ansnm
1409 2007 1512 2041 dedit.
1542 2007 1597 2038 Vi-

967 2056 1088 2088 demur
1123 2059 1236 2087 tamen
1277 2053 1453 2085 lenissima
1488 2056 1597 2084 niuta-

968 2102 1059 2133 tione
1084 2102 1192 2132 locuni
1227 2098 1409 2140 integritati
1435 2105 1517 2128 suae
1543 2106 1597 2128 re-

966 2146 1125 2177 stituisse.
1175 2143 1308 2175 Etenim
1339 2141 1519 2174 tenendum
1546 2145 1599 2173 est

966 2191 1125 2232 primum,
1154 2193 1232 2230 post
1257 2190 1358 2219 ταῦτα
1390 2183 1478 2225 mim]
1504 2182 1598 2217 πόλει

966 2238 1106 2276 repente
1140 2233 1254 2265 inferri
1285 2232 1597 2271 interrogationem,

965 2290 1031 2321 qua
1074 2277 1249 2311 inchoatae
1293 2276 1453 2308 orationis
1497 2278 1595 2306 tenor

967 2323 1149 2365 paullisper
1195 2322 1382 2360 inhibetur,
1430 2318 1596 2360 siquidem

966 2368 1084 2401 dehinc
1109 2372 1266 2409 tanquam
1291 2375 1351 2407 per
1380 2365 1597 2396 occasionem

966 2413 1008 2445 nd
1041 2412 1132 2445 alind
1164 2411 1244 2452 quid
1275 2409 1453 2448 transitur,
1487 2418 1596 2449 usque

968 2458 1046 2489 dum
1081 2457 1259 2497 abruptum
1298 2454 1467 2486 sermonis
1506 2454 1597 2485 filum

970 2503 1080 2534 denuo
1105 2501 1299 2534 resumitur.
1334 2498 1436 2532 Quod
1461 2497 1596 2538 quidem

968 2548 1005 2579 fit
1036 2550 1114 2587 post
1137 2545 1310 2586 ἕμφροιαε
1341 2541 1598 2586 ἀπεργάζωνται

969 2591 1023 2622 ubi
1057 2590 1201 2631 denique
1234 2590 1448 2629 subiungitur
1470 2586 1597 2628 epodo-

971 2637 1028 2667 sis
1077 2636 1196 2675 ltaque
1223 2639 1300 2675 post
1336 2632 1422 2672 πάσν
1450 2630 1540 2663 πόλει
1567 2636 1600 2662 et
