1644 2886
245 103 394 156 LVI-11
414 104 420 106 ’
672 105 1145 151 PROLEGOMENA

242 219 344 261 dere
390 226 434 261 et
483 218 653 274 legibus
704 231 856 258 ornare
903 222 1150 269 conaretur3
1197 216 1328 272 idque
1377 220 1570 275 profecto

241 281 363 316 tanto
391 275 551 317 rectius
579 272 736 315 fecisse
766 272 952 326 videtur,
982 272 1099 327 quod
1135 273 1231 327 ipse
1270 288 1441 331 quoque
1476 275 1570 317 uni-

242 331 356 373 versi
397 330 537 386 operis
579 327 805 370 consilium
846 334 890 370 et
924 329 1134 370 rationem
1163 328 1220 371 ad
1248 329 1384 384 ipsam
1415 345 1572 385 aequa-

241 387 344 428 lium
391 399 563 429 suorum
610 383 740 426 vitam
779 390 824 426 et
869 384 1159 427 conditionem
1204 385 1370 428 civilem
1411 388 1570 430 retulit.

242 443 388 496 Atque
427 441 538 483 hanc
575 440 712 494 ipsam
748 440 805 482 ob
843 454 1040 483 caussam
1069 451 1193 482 antea
1225 441 1406 486 vidimus
1435 443 1490 486 ab
1519 458 1573 486 eo

242 498 368 545 etiam
417 511 542 539 senes
595 497 821 551 loquentes
873 496 1073 540 inductos
1112 502 1220 539 es'se.
1285 498 1382 541 Hoc
1431 506 1573 542 autem

242 567 373 607 quum
411 553 472 595 ita
509 553 652 595 facere
682 553 868 594 animum
898 552 1167 606 induxisset,
1199 568 1299 595 num
1329 556 1573 610 putabimus

243 608 337 651 fieri
381 609 472 651 ullo
515 609 643 651 modo
682 608 904 664 potuisse,
940 616 990 650 ut
1020 623 1094 652 eos
1123 609 1306 665 fingeret
1337 610 1479 666 lepide
1509 611 1573 654 io-

241 672 406 719 cantes,
438 665 590 707 festive
613 664 828 716 ludentes,
861 665 1054 706 hilariter
1083 665 1355 719 altercantes,
1388 667 1574 722 denique

242 721 302 763 rei
341 735 516 764 severae
545 728 674 774 atque
703 722 870 778 gravis,
903 721 955 763 de
986 736 1071 776 qua
1101 721 1398 777 disputarent,
1429 723 1575 766 imme-

240 791 380 820 mores
419 784 492 819 aut
530 777 805 819 incuriosos?
862 777 1073 820 Nimirum
1104 777 1213 820 istos
1243 777 1415 832 quidem
1449 779 1575 822 dece-

243 833 315 876 bat
344 833 487 889 potius
516 833 660 890 gravis
691 848 741 875 ae
760 847 910 875 severa
940 833 1192 888 disputatio,
1224 834 1362 888 qualis
1391 835 1479 877 fere
1509 841 1576 878 est

241 903 351 945 quae
398 890 450 932 iis
497 904 646 932 revera
696 890 910 931 tribuitur.
985 889 1257 944 Quamquam
1306 889 1432 932 Plato
1480 904 1574 933 eam

242 959 323 988 nec
350 945 497 1001 lepore
526 953 568 987 et
597 946 843 988 urbanitate
873 945 1047 988 omnino
1076 960 1231 988 vacare
1261 946 1412 988 voluit.
1469 946 1574 989 Elu-

241 1009 310 1044 cet
348 1002 461 1044 enim
499 1015 809 1058 saepenumero
849 1002 1080 1045 insenum
1118 1003 1388 1047 sermonibus
1427 1003 1574 1046 senilis

244 1057 418 1113 quidam
454 1058 578 1113 lepor
615 1071 667 1100 ac
696 1057 935 1112 festivitas,
964 1057 1316 1117 quandoquidem
1358 1058 1573 1101 interdum

242 1115 432 1157 suaviter
459 1114 656 1156 iocantur
674 1120 728 1156 et
755 1113 908 1156 facetis
948 1121 1129 1156 utuntur
1152 1114 1380 1157 verborum
1409 1115 1575 1158 lusibus

241 1170 468 1226 acutisque
506 1169 722 1224 dicteriis,
763 1170 907 1224 qualia
944 1168 1118 1225 quidem
1157 1169 1202 1211 in
1253 1184 1378 1214 senes
1416 1185 1574 1225 conve-

242 1226 380 1269 niunt.
436 1225 558 1279 Quin
589 1226 717 1268 etiam
748 1233 839 1269 tota
867 1226 964 1280 ista,
995 1241 1122 1281 quam
1154 1226 1343 1281 agitant,
1366 1227 1574 1281 quaestio

242 1297 329 1325 non
367 1282 540 1324 inficete
579 1282 633 1325 ab
662 1282 771 1337 ipsis
802 1283 946 1325 suavis
977 1290 1018 1323 et
1048 1283 1262 1324 iucundus
1290 1282 1574 1325 lusus-nomi-

241 1345 392 1393 natur,
434 1338 568 1380 veluti
597 1338 719 1382 Libr.
758 1338 794 1380 Ι.
823 1355 866 1395 p.
898 1339 993 1381 636.
1023 1336 1075 1381 C.
1104 1337 1190 1381 111.
1220 1353 1261 1394 p.
1296 1339 1388 1382 685.
1415 1339 1471 1380 A.
1500 1338 1575 1381 ubi

242 1394 401 1437 dicitur
444 1392 596 1436 παιδιὰ
634 1392 898 1447 πρεσβυτική
941 1392 1155 1451 σώφρων,
1196 1401 1240 1437 et
1269 1394 1389 1437 Libr.
1420 1393 1503 1438 VI.
1531 1409 1573 1452 p.

243 1452 339 1493 769.
368 1451 424 1492 A.
455 1465 542 1506 quo
579 1449 676 1493 loco
703 1456 883 1493 vocatur
914 1451 1164 1501 πρεσβυτῶν
1196 1452 1376 1503 ἔμφρων
1407 1451 1574 1504 παιδιά,

242 1506 339 1550 coll.
370 1505 456 1550 III.
488 1523 529 1563 p.
561 1507 654 1551 688.
685 1506 735 1548 B.
766 1508 862 1550 690.
892 1507 950 1548 D.
979 1506 1038 1548 X.
1070 1522 1112 1572 p.
1133 1507 1226 1549 885.
1255 1505 1304 1549 C.
1362 1506 1575 1549 Nimirum

242 1578 310 1606 res
338 1561 447 1605 adeo
491 1563 634 1620 gravis
672 1577 723 1605 ac
761 1577 932 1616 severa,
964 1562 1105 1617 qualis
1135 1562 1243 1604 haec
1275 1569 1364 1616 est,
1405 1562 1458 1604 de
1489 1577 1575 1617 qua

243 1618 519 1674 disquiritur,
561 1619 669 1673 ipsis
699 1634 847 1660 verum
876 1618 1001 1661 affert
1038 1618 1347 1674 limpidumque
1372 1619 1574 1674 gaudium

243 1690 294 1718 ac
315 1675 644 1719 sincerissimam
664 1675 944 1731 voluptatem,
962 1681 1012 1717 ut
1031 1673 1142 1716 adeo
1159 1674 1251 1717 eius
1275 1676 1476 1717 tractatio
1495 1690 1575 1731 pro

243 1731 339 1774 lusu
377 1730 577 1775 habenda
612 1730 824 1774 videatur.
892 1730 1023 1785 Quod
1053 1730 1178 1772 aliter
1205 1731 1296 1773 acci
1331 1731 1423 1773 iens
1452 1730 1575 1772 Zel-

243 1789 394 1830 lerus
419 1788 446 1834 l.
475 1803 513 1831 c.
543 1803 587 1843 p.
610 1789 676 1831 73.
695 1787 841 1830 nescio
871 1786 975 1842 quid
1008 1785 1196 1829 affectati
1224 1787 1269 1828 in
1299 1747 1381 1828 Eae
1410 1787 1576 1828 ratione

243 1845 385 1887 inesse
439 1844 703 1887 criminatur.
785 1843 987 1886 Ceterum
1040 1843 1167 1885 etiam
1196 1842 1323 1884 valde
1353 1842 1573 1896 erraverit,

243 1900 280 1944 si
309 1900 405 1965 quis
434 1901 671 1953 existimet,
713 1915 924 1955 nusquam
961 1899 1061 1941 alibi
1104 1897 1219 1954 apud
1258 1898 1483 1940 Platonem
1512 1898 1575 1940 ita

243 1955 366 2010 fieri,
404 1963 454 1999 ut
492 1956 630 1998 oratio
677 1956 856 1998 similem
898 1955 1194 2007 severitatem,
1237 1956 1487 2010 gravitatem
1529 1963 1574 1995 et

243 2013 532 2055 austeritatem
570 2027 672 2069 prae
720 2027 766 2054 se
805 2013 928 2055 ferat.
987 2012 1102 2053 Nam
1140 2011 1350 2066 reperitur
1379 2010 1449 2052 hic
1478 2016 1571 2051 tan·

243 2083 370 2124 quam
429 2070 549 2112 color
596 2068 900 2124 disputationis
947 2068 1143 2124 profecto
1195 2066 1323 2108 etiam
1376 2066 1419 2108 in
1478 2066 1572 2108 aliis

243 2125 387 2180 libris,
428 2124 565 2168 sicubi
613 2139 682 2167 res
731 2139 783 2166 ac
830 2124 1068 2167 sententiae
1106 2137 1202 2165 eum
1244 2124 1353 2164 terre
1392 2128 1468 2164 aut
1496 2136 1572 2177 po-

243 2181 404 2225 stulare
457 2180 699 2224 videantur.
770 2180 913 2235 Quam
950 2180 994 2222 in
1033 2194 1122 2222 rem
1159 2178 1265 2221 satis
1313 2178 1396 2220 erit
1438 2183 1573 2221 testes

244 2251 500 2280 memorasse
530 2237 778 2290 Philebum,
810 2236 1130 2287 Parmenidem,
1173 2234 1444 2277 Alcibiadem
1485 2234 1572 2290 pri-

244 2309 385 2347 mum,
428 2293 664 2336 Timaeum.
736 2293 899 2337 Verum
942 2292 1045 2335 satis
1067 2291 1183 2333 haec
1222 2296 1349 2332 sunto
1390 2290 1444 2332 de
1484 2305 1570 2332 ser-

245 2364 417 2392 monum
448 2349 658 2406 gravitate
688 2355 817 2404 atque
859 2349 1124 2401 austeritate,
1156 2361 1284 2400 quam
1314 2346 1455 2389 critici
1483 2361 1571 2387 mo·

243 2407 352 2449 leste
379 2406 597 2455 tulerunt„
1364 2406 1367 2409 ’

355 2460 647 2507 Coniunctum
677 2476 779 2504 vero
808 2476 904 2504 cum
930 2461 999 2504 'his
1027 2459 1134 2502 illud
1163 2465 1246 2514 est,
1277 2457 1391 2514 quod
1420 2457 1571 2512 nuperi

245 2519 380 2562 critici
399 2517 808 2572 animadverterunt,
842 2518 967 2561 etiam
988 2530 1159 2560 sensum
1189 2514 1402 2571 quendam
1425 2513 1572 2556 insoli-

245 2582 315 2617 tae
366 2574 509 2618 ietatis
527 2574 755 2631 religiosae
783 2589 858 2631 per
887 2574 975 2622 hos,
995 2585 1213 2614 sermones
1236 2570 1438 2613 diffusum
1462 2583 1571 2619 esse,

246 2645 331 2685 qua
348 2645 414 2673 em
451 2631 495 2673 in
536 2630 630 2673 aliis
671 2631 862 2673 Platonis
905 2628 1078 2684 scriptis
1125 2627 1196 2670 vix
1234 2626 1434 2681 reperias.
1503 2623 1573 2665 De
