1644 2886
514 105 687 150 mem
725 103 966 160 ommi.
1394 103 1417 142 3

74 239 163 267 non
182 225 292 278 auri,
324 222 402 267 sed
418 219 707 265 verecundiae
736 220 802 263 vis
825 234 954 275 quam
984 217 1168 260 maxima
1197 225 1416 274 tamquam
1465 244 1468 247 -

77 280 296 324 hereditas
364 278 649 336 relinquenda
717 284 797 320 est.
881 276 1007 330 Quae
1062 275 1235 331 quidem
1293 291 1417 318 vere-

76 338 236 381 cundia
274 339 326 381 iis
366 353 453 381 non
488 344 580 379 tam
611 340 886 392 comparatur
915 333 1068 376 crebra
1094 332 1416 387 adhortatione,

73 412 205 452 quam
246 394 540 451 exemplorum
588 393 817 435 honestate
863 397 994 447 atque
1043 390 1257 433 castitate.
1333 391 1420 433 Est

76 453 189 495 enim
229 453 334 495 haee
373 452 537 508 optima
566 456 611 492 et
638 449 875 492 iuventutis
905 451 949 490 et
985 462 1088 490 vero
1128 448 1257 490 etiam
1295 463 1418 491 sene-

77 510 207 553 ctutis
239 509 485 567 disciplina,
519 515 570 550 ut
582 523 668 550 non
699 512 869 548 tantum
901 502 1060 547 dentur
1091 505 1264 548 virtutis
1294 521 1419 562 prae-

74 577 216 624 cepta,
247 566 326 610 sed
362 565 492 609 etiam
522 563 716 620 exempla
753 562 946 605 eiusdem
983 562 1039 604 ob
1071 562 1223 605 oculos
1254 575 1420 620 ponan-

77 634 148 668 tur
188 626 249 681 (p.
294 625 389 667 728.
417 623 472 666 D.
504 647 559 654 --
590 623 686 662 729.
730 619 780 665 C.
810 621 905 675 in.).
976 619 1061 661 His
1099 619 1161 661 ita
1191 621 1419 677 explicatis

80 682 355 726 Atheniensis
402 680 530 723 etiam
568 679 687 721 haec-
724 677 861 720 addit.
940 675 1031 730 Qui
1077 683 1251 734 gentem
1298 692 1419 720 suam
1485 726 1493 731 ,

80 749 311 795 omnesque
341 753 432 792 eOS,
465 737 539 793 qui
577 736 633 778 ad
661 735 779 777 illam
815 734 1060 792 pertinent,
1101 735 1422 778 verecundatur

80 798 266 853 itemque
303 795 408 839 deos
447 793 726 852 gentiliciOS,
763 792 803 834 ei
854 806 1026 848 sperare
1076 791 1179 833 licet
1226 792 1420 835 futurum

79 870 186 909 esse,
210 849 277 897 'uf
296 853 357 896 dii
384 852 596 910 gentilicii
627 851 756 894 etiam
786 850 898 905 proli
937 863 1043 891 suae
1082 850 1214 891 fausti
1253 850 1341 891 sint
1371 865 1422 891 ac

81 912 267 969 propitii.
334 910 546 964 Idemque
586 909 716 951 etiam
756 908 993 949 amicorum
1035 912 1078 948 et
1119 905 1334 949 sodalium
1377 908 1451 949 in'

81 969 194 1012 vitae
224 967 539 1012 consuetudine
570 965 819 1022 experietur
849 964 1195 1007 benevolentiam
1226 971 1271 1006 et
1299 965 1421 1007 favo-

78 1032 195 1078 rem,
225 1026 262 1068 si
292 1025 439 1068 officia
469 1024 640 1066 illorum
671 1036 774 1080 erga
804 1037 850 1064 se
878 1021 1066 1078 plurimi,
1100 1036 1179 1064 sua
1207 1022 1348 1078 ipsius
1378 1023 1421 1064 in

80 1084 179 1127 illos
216 1083 383 1125 minimi
420 1081 566 1124 faeiat.
633 1080 768 1122 Porro
814 1079 867 1121 de
898 1079 1123 1134 republica
1155 1085 1286 1134 atque
1317 1080 1423 1122 civi-

81 1142 163 1183 bus
194 1141 283 1183 suis
323 1138 482 1195 optime
519 1137 795 1190 merebitur,
819 1136 893 1191 qui
929 1136 1098 1192 patriae
1137 1136 1308 1194 legibus
1346 1153 1422 1195 pa-

81 1199 218 1240 ruisse
247 1197 384 1238 maius
413 1193 618 1250 quiddam
647 1208 742 1236 esse
774 1192 858 1235 sibi
886 1193 1177 1249 persuaserit,
1220 1209 1358 1249 quam
1378 1196 1424 1237 in

83 1254 196 1296 ludis
235 1252 478 1311 Olympicis
517 1257 592 1293 aut
638 1251 732 1294 aliis
780 1249 1088 1292 certaminibus
1134 1252 1425 1307 reportavisse

83 1311 320 1354 victoriam.
385 1309 614 1351 Praeterea
651 1308 697 1350 in
734 1307 929 1364 hospites
968 1307 1110 1363 pietas
1136 1308 1330 1359 ‚colenda
1358 1317 1426 1353 est

82 1368 372 1418 sanctissime;
411 1367 458 1408 in
487 1376 597 1421 quos
636 1366 674 1407 si
701 1380 787 1420 qua
815 1364 1070 1406 admittatur
1103 1364 1288 1421 iniuria,
1331 1382 1426 1411 eam

83 1441 216 1481 quum
245 1425 319 1466 alii
357 1423 433 1478 dii,
473 1430 565 1465 tum
595 1421 766 1480 Iupiter
795 1421 1024 1478 hospitalis
1051 1422 1243 1483 graviter
1269 1425 1424 1481 punire

72 1483 206 1525 ¹solet.
278 1481 460 1524 Nullum
500 1486 644 1531 autem
688 1479 919 1535 capitalius
961 1479 1123 1521 crimen
1162 1493 1254 1534 est,
1294 1497 1422 1537 quam

83 1539 202 1596 quod
227 1539 274 1596 in
303 1554 354 1582 su
387 1538 522 1595 plices
551 1537 846 1580 committitur.
919 1536 1035 1585 Nam
1074 1535 1182 1579 deus
1220 1539 1315 1593 ille,
1346 1555 1425 1596 per

72 1612 213 1653 quem
249 1555 431 1653 supplex
469 1595 567 1652 quis
608 1594 796 1651 aliquem
828 1594 1076 1636 obtestatus
1108 1594 1242 1638 fuerit
1270 1603 1316 1645 et
1346 1598 1423 1640 ob-

83 1653 330 1708 secraverit,
361 1653 490 1695 etiam
519 1652 611 1695 eius
641 1667 787 1694 curam
810 1657 933 1708 geret
961 1651 1213 1708 illatamque
1244 1653 1329 1709 ipsi
1359 1654 1423 1697 in—

71 1711 236 1754 iuriam
263 1710 497 1753 ulciscetur
529 1710 591 1767 (p.
625 1711 719 1752 729.
751 1708 802 1751 C.
836 1733 885 1739 —
919 1710 1016 1752 730,
1046 1709 1139 1764 A.).

195 1772 343 1824 Atque
380 1767 490 1810 haec
533 1766 708 1823 quidem
737 1772 839 1809 sunt
866 1765 1111 1822 prooemia,
1141 1767 1298 1823 partim
1328 1768 1423 1811 lon-

85 1826 208 1883 giora
235 1825 393 1881 partim
421 1825 622 1867 breviora
649 1824 738 1876 illa,
771 1838 882 1878 quae
912 1822 966 1865 de
996 1822 1176 1865 deorum
1206 1825 1339 1879 cultu,
1372 1825 1426 1867 de

85 1896 191 1924 cura
207 1888 448 1937 parentum,
470 1880 524 1922 de
555 1881 685 1923 animi
715 1880 975 1933 eruditione,
996 1879 1049 1922 de
1067 1881 1280 1923 bonorum
1311 1897 1427 1925 com-

87 1938 377 1995 parandorum
405 1938 592 1990 ratione,
623 1937 676 1979 de
707 1937 836 1979 rebus
876 1936 1063 1990 denique
1093 1937 1345 1982 domesticis
1375 1955 1425 1982 ac

87 1995 302 2048 civilibus,
332 1994 619 2051 praecipiunt.
686 1993 858 2047 Quibus
889 1993 1115 2050 explicatis
1144 1995 1426 2040 Atheniensis

86 2051 332 2094 faciendum
373 2057 522 2108 putat,
562 2057 613 2094 ut
650 2051 778 2092 etiam
818 2056 1030 2107 exponat,
1067 2052 1208 2107 qualis
1238 2054 1426 2109 quisque

87 2109 179 2165 ipse
218 2108 375 2152 debeat
415 2123 538 2165 esse,
572 2107 788 2163 siquidem
827 2107 959 2149 vitam
999 2109 1160 2163 optime
1191 2110 1249 2152 sit
1276 2111 1425 2154 tradu—

74 2173 249 2210 cturus.
316 2165 419 2219 Quo
459 2166 557 2208 loco
597 2172 903 2207 commemorat
947 2166 1268 2221 sapientissime
1315 2184 1426 2224 quae

89 2238 174 2266 non
213 2222 322 2280 legis
362 2223 406 2264 vi
445 2223 709 2278 extorqueri,
741 2221 818 2266 sed
847 2221 989 2265 laudis
1019 2231 1064 2265 et
1091 2224 1425 2281 vituperationis

88 2280 300 2339 gravitate
329 2280 445 2322 effici
474 2295 606 2337 posse
634 2279 878 2334 videantur,
910 2295 996 2335 quo
1026 2281 1142 2324 cives
1173 2281 1229 2324 ad
1255 2298 1424 2326 omnem

89 2337 288 2380 virtutem
327 2337 436 2379 fiant
471 2337 691 2394 propensi.
749 2337 905 2392 Itaque
936 2338 1119 2393 primum
1150 2341 1425 2383 commendat

55 2442 57 2444 ,
90 2394 280 2439 studium
307 2395 521 2448 veritatis,
553 2410 641 2450 quo
670 2394 779 2436 nihil
806 2395 1039 2437 arbitratur
1077 2396 1298 2440 efficacius
1330 2413 1424 2441 esse

91 2451 170 2495 vel.
197 2451 258 2498 ad
289 2451 427 2494 fidem*
456 2452 552 2494 aliis
590 2451 894 2508 praestandam
933 2452 1003 2495 vel
1041 2453 1098 2495 ad
1134 2455 1424 2511 colligendam

93 2522 238 2550 eorum
274 2508 632 2552 benevolentiam.
707 2509 845 2552 Porro
885 2511 1123 2567 tergemino
1166 2511 1330 2554 honore
1361 2511 1456 2554 di-x

92 2579 224 2621 gnum
267 2571 362 2609 eum
403 2582 498 2610 esse
535 2577 705 2620 censet,
747 2567 821 2620 qui
860 2582 990 2622 quum
1028 2568 1125 2624 ipse
1157 2568 1274 2610 eolat
1300 2568 1424 2612 iusti—

75 2622 217 2676 tiam,
255 2627 344 2664 tum
382 2623 489 2668 alios
531 2639 703 2680 quoque
742 2623 797 2665 ad
836 2639 930 2666 eam
969 2625 1194 2668 colendam
1233 2626 1426 2682 impellat

89 2684 220 2734 atque
260 2679 386 2722 etiam
424 2682 641 2738 principes
680 2681 868 2725 civitatis
909 2683 952 2723 in
995 2697 1046 2724 ea
1074 2697 1118 2724 re
1154 2696 1231 2738 pro
1262 2683 1425 2726 viribus

1153 2753 1223 2792 1*
