1592 2872
226 82 315 123 XII
657 79 1129 124 PROIAEGOMENA

227 195 368 236 mundi
412 209 568 237 arcana
608 193 795 248 pandere
832 207 882 233 ac
928 200 1163 234 monstrare
1211 194 1379 249 potius,
1422 208 1546 248 quam

228 250 480 293 disserendo
511 249 744 305 explicare,
785 247 829 289 id
859 249 1099 290 etiamnunc
1130 248 1345 291 verissime
1389 248 1547 291 dietum

230 307 496 358 arbitramur,
527 306 628 347 licet
645 304 848 357 extiterit,
880 304 950 357 qui
974 305 1076 346 haec
1107 305 1235 346 verba
1265 311 1408 347 nostra
1428 305 1546 346 mali-

229 378 312 418 gne
351 362 700 413 calumniaretur,
749 360 971 401 temeraria
1010 360 1281 402 cavillatione
1322 375 1546 415 quaerens,

232 418 532 473 hierophantae
572 415 786 471 quomodo
819 415 983 469 loquuti
1014 418 1108 458 sint.
1168 415 1267 469 Qua
1295 432 1378 458 una
1407 432 1449 457 re
1479 416 1548 457 ille

229 482 271 516 et
309 473 538 514 voluntatis
577 479 621 514 et
662 472 880 514 doctrinae
919 486 1021 514 suae
1060 472 1358 514 documentum
1397 472 1545 523 edidit,

229 530 353 583 quale
393 529 478 583 ipsi
517 543 639 570 nemo
680 528 904 583 quisquam
935 528 1134 569 invideat.
1194 527 1280 571 Sed
1311 528 1423 570 istud
1455 528 1547 583 qui—

229 585 323 627 dem
366 585 408 626 in
447 583 663 639 praesenti
699 584 928 625 mittamus.
995 583 1206 625 Addimus
1244 584 1388 639 potius
1422 585 1547 625 etiam

229 641 353 683 aliam
394 655 611 693 caussam,
643 654 718 682 cur
756 640 879 681 Plato
917 655 1050 695 prope
1079 640 1335 681 necessitate
1366 640 1548 694 quadam

229 697 284 738 ad
331 712 454 738 usum
503 696 627 738 huius
677 695 844 751 generis
891 711 1131 737 sermonum
1178 704 1353 737 coactus
1405 696 1546 737 tuerit.

230 753 457 795 Praemisit
494 753 627 805 enim,
666 757 716 793 ut
752 751 950 805 vidimus,
981 751 1146 807 legibus
1184 752 1273 794 suis
1316 752 1547 807 prooemia,

230 809 385 864 quibus
415 809 625 863 spectavit
653 807 758 861 hoc,
798 814 846 848 ut
874 806 927 848 ad
956 807 1097 863 legum
1126 807 1210 848 vim
1243 813 1371 861 atque
1402 821 1547 849 neces—

230 866 399 907 sitatem
450 863 757 920 adiungeretur
808 864 936 905 etiam
975 863 1283 905 cohortationis
1315 863 1547 905 auctoritas

231 929 274 963 et
310 920 629 972 benevolentia,
671 934 762 973 qua»
784 919 900 961 cives
930 919 984 960 ad
1012 919 1229 961 liberalem
1258 924 1302 960 et
1328 918 1549 960 honestam

230 978 373 1033 legum
411 975 722 1018 observantiam
753 981 1112 1030 permoverentur.
1171 974 1221 1015 In
1250 974 1316 1016 his
1343 989 1444 1016 vero
1478 989 1548 1016 co—

231 1032 544 1075 hortationibus
582 1047 682 1073 num
723 1045 816 1072 eum
866 1031 1108 1086 putabimus
1145 1030 1285 1072 locum
1326 1029 1426 1072 dare
1475 1046 1548 1086 po-

231 1089 367 1131 tuisse
405 1088 683 1142 disputationi
730 1086 784 1128 ad
822 1086 1070 1128 dialecticae
1118 1086 1366 1128 subtilitatis
1412 1086 1548 1141 legem

232 1144 491 1187 adstrictae?
558 1144 788 1185 Enimvero
819 1142 889 1184 hic
925 1141 1112 1198 quidem,
1143 1142 1178 1184 si
1220 1141 1325 1196 quid
1356 1141 1545 1184 iudicare

233 1214 484 1256 possumus,
525 1214 700 1255 prorsus
736 1199 818 1240 fuit
838 1199 1162 1251 ·necessarium‚
1193 1203 1242 1239 ut
1270 1203 1459 1239 uteretur
1487 1197 1550 1239 di·
1580 1245 1589 1249 j

234 1257 360 1299 cendi
388 1271 542 1311 genere
563 1255 764 1307 oratorio,
799 1269 934 1309 eoque
964 1255 1118 1308 partim
1140 1253 1333 1305 sublimi,
1365 1253 1547 1306 excelso,

233 1313 477 1369 magnifico.
553 1312 701 1365 Atque
737 1310 819 1352 hoc
858 1325 1006 1352 revera
1043 1310 1168 1363 fecit,
1208 1314 1254 1350 ct
1291 1309 1392 1350 fecit
1428 1315 1549 1351 tanto

234 1369 493 1425 elegantius,
534 1367 650 1422 quod
679 1381 774 1409 cum
802 1366 875 1407 illo
904 1365 1122 1407 familiaris
1160 1364 1361 1419 colloquii
1397 1379 1549 1421 genere

233 1425 333 1467 talis
367 1424 503 1466 oratio
530 1424 730 1465 facillime
759 1422 997 1464 consociari
1026 1421 1179 1477 potuit.

345 1481 467 1522 Haec
504 1479 637 1535 igitur
675 1478 728 1520 de
761 1477 985 1520 dialectica
1020 1478 1064 1519 in
1105 1477 1366 1532 singularum
1410 1490 1549 1517 rerum

236 1551 287 1578 ac
332 1535 637 1578 sententiarum
678 1533 958 1590 explicatione
994 1548 1132 1589 nuper
1179 1548 1203 1574 a
1242 1532 1402 1574 criticis
1439 1531 1549 1573 desi-

237 1592 395 1634 derata.
456 1591 543 1643 Qui
573 1591 743 1645 quidem
772 1591 892 1632 locus
918 1590 1029 1631 infra
1065 1590 1191 1630 etiam
1220 1588 1316 1644 plus
1344 1588 1452 1630 lucis
1482 1601 1550 1629 ac-

236 1649 387 1704 cipiet,
427 1648 500 1689 ubi
542 1647 594 1688 de
633 1646 792 1702 dialogi
820 1651 909 1687 arte
938 1652 980 1687 et
1008 1645 1171 1687 ratione
1199 1644 1336 1698 deque
1367 1644 1481 1686 vitiis
1507 1645 1550 1684 in

236 1703 599 1760 argumentatione
627 1701 1012 1744 animadvertendis
1041 1700 1339 1756 disputabitur.

549 1958 670 2032 Cap.
710 1932 834 2016 XV(
878 1955 1121 2032 Segment.
1164 1956 1240 2015 lv.
1299 1983 1303 1988 -

240 2078 521 2114 Ostenditur
552 2080 656 2114 sine
689 2087 868 2114 caussa
897 2077 1225 2112 desideratam
1259 2082 1368 2108 esse
1397 2074 1549 2109 artin-

241 2124 499 2158 closiorem
538 2134 697 2159 rerum
735 2123 1082 2167 expositionem
1114 2122 1374 2164 aptamque
1406 2129 1549 2162 argu·-

242 2169 550 2211 mentationis
570 2169 976 2213 progressionem.
1023 2165 1391 2201 Demonstratur
1419 2165 1549 2204 item,

241 2224 478 2258 quaenam
515 2214 582 2249 sit
618 2215 878 2248 universae
923 2210 1261 2256 disputationis
1298 2217 1550 2254 coagmen-

240 2260 383 2299 tatio,
424 2260 476 2293 et
515 2269 654 2302 quam
701 2259 935 2294 sollerter
963 2257 1157 2293 virtutis
1196 2256 1248 2289 et
1285 2254 1551 2289 honestatis

241 2306 466 2342 doctrina
499 2314 601 2339 eum
638 2313 801 2339 rerum
832 2304 1041 2339 civilium
1079 2301 1403 2344 explicatione
1439 2308 1549 2334 eon-

242 2351 405 2386 luneta
436 2349 515 2384 sit.
568 2350 952 2385 Praemittuntur
981 2346 1221 2392 quaedam
1245 2346 1306 2380 de
1333 2344 1549 2379 Platonis

269 2397 379 2431 arte
404 2395 691 2431 disserendi.
740 2395 959 2429 llonetur
984 2391 1189 2434 denique
1217 2390 1278 2425 de
1301 2389 1513 2425 universi

659 2440 820 2484 operis
845 2436 1143 2484 lnte‘gritate.

354 2540 609 2590 Accedimus
647 2555 756 2581 nunc
805 2540 858 2581 ad
895 2538 1061 2580 tertium
1102 2536 1230 2589 illud,
1271 2534 1384 2589 quod
1426 2548 1548 2588 supra

243 2598 374 2654 primo
429 2598 522 2639 loco
573 2596 1001 2637 commemoravimus.
1080 2591 1386 2634 Desiderarunt
1442 2589 1550 2630 enim
