1644 2886
241 96 321 139 DE
357 93 626 139 LEGIBUS
659 94 778 136 LIB.
813 93 917 136 Vll.
952 94 997 135 P.
1031 94 1126 137 800.
1159 91 1222 135 St.

55 220 186 271 λέγων
231 213 412 258 απαλλά
421 231 599 269 ττωμαι.

1322 91 1403 132 ‘297

645 212 699 257 τὰ
743 215 787 256 δὲ
835 213 1055 256 τοσοῦτον
1089 209 1206 266 ἡμᾶς
1240 206 1409 259 αὐτοὺς

56 285 315 339 ἐπανερωτῶ
351 282 500 333 πάλιν,
525 283 611 325 τῶν
643 284 880 337 ἐκμαγείων
915 287 1014 331 ταῖς
1047 277 1184 335 ᾠδαῖς·
1216 281 1254 321 εἰ
1289 278 1408 333 πρῶ·
1456 300 1458 302 v

57 369 136 396 τυν
171 353 217 395 ἓν
254 349 398 394 τοῦθ’
443 347 547 405 ἡμῖν
582 347 767 404 ἀρέσκον
803 351 984 392 κείσθω.
1285 355 1293 363 ·

158 419 260 462 ΚΛ.
335 415 397 462 Τὸ
434 426 598 462 ποῖον·
580 451 594 472 ,

167 487 260 530 ΑΘ.
329 485 572 544 Εὐφημιά·

610 485 683 526 καὶ
719 482 770 535 δὴ
812 499 884 525 και
922 479 972 524 τὸ
1008 482 1089 533 τῆς
1124 477 1244 534 ᾠδῆς
1281 481 1406 533 γένος
1436 479 1517 521 801

56 552 257 613 εὔφημον
318 552 423 610 ἡμῖν
479 551 624 612 πάντη
681 551 862 600 πάντως
911 547 1155 607 ὑπαρχέτω.
1203 545 1229 599 ἢ
1272 547 1410 602 μηδὲν

55 622 334 678 ἐπανερωτῶ,
369 622 485 664 τιθῶ
524 622 568 663 δὲ
604 620 738 662 τοῦτο
776 615 921 667 οὕτως

160 689 264 732 ΚΛ.
339 685 611 731 Πανταπασι
644 688 724 740 μὲν
760 678 842 728 οὖν
880 686 1024 727 τίθει·

1063 683 1164 738 νικᾷ
1199 679 1286 738 γάρ
1322 681 1409 724 πά-

55 770 176 799 σαισι
212 764 307 806 ταῖς
343 754 516 815 ψήφοις
553 747 686 804 οὗτος
721 751 745 796 ὁ
784 750 933 808 νόμος.

154 823 256 866 ΑΘ
328 825 404 873 'lig
454 820 507 874 δὴ
559 836 639 876 μετ

56 888 194 944 νόμος
237 890 472 943 μουσικῆς;
515 882 592 944 ἆρ’

56 955 120 1008 οἷς
156 955 333 1012 θύομεν
366 957 598 1010 ἑκάστοτες

711 818 937 879 εὐφημίαν
983 818 1188 874 δεύτερος
1234 814 1295 859 ἂν
1341 816 1407 869 ειη

643 887 724 932 οὐκ
772 886 903 944 εὐχάς
949 885 1058 931 εἶναι

1120 893 1213 935 τοῖς
1265 887 1408 935 θεοῖς,

56 1124 96 1155 ln
128 1124 302 1166 proximis
335 1133 463 1165 operae
489 1121 695 1154 Schneideri
731 1122 787 1153 καί
818 1119 920 1164 στολή
959 1132 996 1163 γε
1030 1131 1096 1163 pro
1120 1131 1161 1154 eo
1187 1121 1280 1163 quod
1307 1120 1407 1153 codd.

57 1177 92 1202 et
118 1171 217 1202 editt.
243 1171 399 1203 firmant:
425 1169 493 1200 καὶ
520 1167 569 1224 δὴ
595 1170 662 1200 καὶ
692 1166 798 1223 σ’ῐολή
819 1179 868 1210 γε.

151 1215 195 1248 τὸ
223 1214 269 1248 δὲ
294 1216 507 1247 τοσοῦτον
533 1211 639 1258 ἡμᾶς
665 1211 851 1257 avtofisj
885 1213 1006 1256 Steph.
1035 1210 1131 1253 υμᾶς.

57 1362 170 1395 Rann.
198 1373 229 1395 v.
255 1362 356 1397 1329.
383 1364 518 1394 cantica
548 1372 611 1395 sna
635 1373 695 1404 pa-

56 1411 140 1440 riter
180 1413 301 1440 mutua
341 1410 507 1441 sumsisse
539 1414 643 1451 atque
676 1420 697 1442 a

56 1455 298 1492 meretriculis,
325 1456 444 1488 scoliis
456 1455 591 1496 Meleti,
616 1456 696 1488 aliis

56 1501 217 1534 cantibus
232 1502 427 1534 vilioribus.
466 1502 695 1543 Exprobran-

55 1552 114 1580 tur
146 1548 238 1579 enim
277 1548 310 1580 ei
343 1545 478 1589 Καρικὰ
512 1544 695 1590 αὐλήματα,

56 1594 100 1627 de
124 1594 252 1636 quibus
277 1593 506 1626 Planudes
523 1596 696 1627 Anecdot.

56 1640 274 1673 Bachmanni
316 1640 358 1672 T.
405 1641 444 1673 11.
483 1652 516 1683 p.
554 1641 610 1676 98.
650 1638 696 1682 ἐξ

52 1685 212 1718 Ἰωνικῶν
243 1688 474 1728 γυναικαρίων
507 1684 600 1719 εἶπεν
633 1684 694 1719 αὐ-

57 1731 139 1765 τοὺς
169 1730 207 1764 τὸ
240 1733 378 1765 τοιοῦτό
411 1744 448 1775 γε
481 1731 694 1774 ὕφελέσθαι’

56 1778 140 1822 τῷδε
171 1776 236 1821 γὰρ
278 1780 324 1821 τῷ
363 1777 489 1822 ῥυθμῷ
523 1777 695 1812 κάκεῖνα

55 1825 212 1877 θρηνεῖ
248 1822 355 1856 τοὺς
393 1826 472 1856 τῶν
511 1824 694 1866 ἐκφερο-

56 1871 195 1910 μένων
227 1869 427 1912 νεκρούς.
479 1872 606 1903 Pollux
631 1873 695 1904 IV.

57 1917 112 1951 75.
127 1916 253 1958 λέγεται
278 1915 315 1948 δὲ
341 1917 395 1948 καὶ
418 1915 560 1972 Φρύγας
582 1915 696 1959 εὑρεῖν

56 1958 164 1995 αυλὸν
189 1962 421 2004 θρηνητικόν,
445 1956 474 2006 φ’
507 1964 695 2005 κεχρῆσθαι

58 2007 139 2042 τούς
154 2009 282 2050 Κᾶρας,
299 2006 377 2050 παρ’
401 2007 542 2041 ἐκείνων
566 2010 692 2051 λαβόν-

56 2065 126 2088 τας.
167 2054 351 2098 θρηνῷδες
389 2053 454 2098 γὰρ
493 2054 531 2087 τὸ
562 2054 694 2098 αὔλημα

57 2101 93 2134 τὸ
120 2099 285 2143 Καρικόν.
334 2102 517 2134 Eiusmodi
545 2105 693 2136 naeniae

56 2158 138 2181 vero
163 2149 379 2181 canebantur
399 2160 419 2181 a
434 2149 592 2190 praeficis
611 2160 692 2181 con-

55 2195 190 2233 ductis,
215 2205 304 2237 quae
328 2194 476 2236 Καρίναι
499 2197 696 2236 appellatae

56 2246 148 2274 sunt.
185 2242 452 2282 Hesychius·
489 2240 692 2282 Καρίναι·

55 2287 234 2331 θρηνῳδοὶ
258 2288 435 2330 μουσικαί,
465 2287 505 2318 αἲ
534 2286 616 2320 τοὺς
640 2299 693 2320 νε-

58 2332 164 2374 κροῦε
190 2335 236 2377 τῷ
259 2332 383 2377 θρήνῳ
408 2334 694 2374 παραπέμπουσαι

60 2376 147 2421 πρὸς
182 2379 240 2412 τὰς
280 2378 391 2421 ταφὰς
428 2380 483 2412 καὶ
524 2378 563 2412 τὰ
594 2379 691 2423 κήδη

59 2424 358 2467 παρελαμβάνοντο
390 2425 427 2459 δὲ
461 2426 499 2458 αἱ
525 2423 594 2459 ἀπὸ
622 2427 693 2460 Κα-

59 2473 135 2511 ρίας
163 2476 329 2513 γυναῖκες.
359 2485 394 2505 v.
425 2473 616 2507 Meinek.
648 2475 694 2507 ad

58 2517 244 2550 Menandri
277 2519 416 2561 Fragm.
456 2530 490 2561 p.
520 2520 576 2554 91.
635 2521 691 2552 Vi-

58 2565 184 2596 dentur
211 2569 326 2597 antem
355 2576 475 2598 servae
507 2567 616 2599 fuisse
649 2577 690 2599 ex

59 2610 165 2642 Caria
195 2612 391 2643 arcessitae.
428 2611 567 2645 Cariam
601 2614 691 2645 euim

58 2661 195 2689 constat
231 2666 410 2689 servorum
447 2659 555 2691 fuisse
589 2661 693 2702 longe

59 2702 318 2736 fertilissimam.
375 2703 427 2735 De
462 2711 563 2737 cantu
603 2707 693 2739 inter

767 1362 928 1394 funebria
967 1363 1061 1394 conf.
1102 1362 1208 1394 etiam
1249 1359 1334 1392 XII.
1374 1371 1407 1403 p.

764 1409 843 1444 947.
870 1408 910 1440 Β.
939 1407 979 1440 C.

811 1455 882 1487 καὶ
913 1452 961 1496 δὴ
995 1454 1062 1486 καὶ
1094 1451 1226 1495 στόλη
1253 1452 1298 1495 γέ
1322 1464 1407 1484 που

765 1499 1001 1542 -κόσμοι]
1027 1501 1081 1533 De
1104 1501 1226 1533 eadem
1251 1510 1288 1532 re
1313 1500 1407 1532 Pla-

762 1553 808 1581 to
841 1548 935 1580 iufra
962 1547 1057 1580 Libr.
1083 1544 1169 1579 XII.
1195 1558 1228 1589 p.
1256 1546 1338 1582 947.
1363 1546 1405 1578 Β.

765 1594 804 1629 C.
830 1600 865 1627 et
896 1594 977 1628 959.
1005 1593 1045 1626 C.
1077 1594 1136 1625 ubi
1168 1603 1293 1626 census
1325 1603 1407 1625 con-

764 1642 921 1673 stituitur
953 1642 990 1672 in
1028 1641 1243 1682 sepulturam
1273 1641 1408 1682 impen-

764 1689 911 1720 dendus.
966 1688 1105 1719 Audias
1143 1688 1246 1719 etiam
1288 1686 1406 1718 Cice-

763 1745 853 1766 ron.
879 1734 989 1775 Legg.
1015 1734 1058 1766 11.
1085 1732 1140 1767 23.
1187 1733 1273 1765 lam
1299 1737 1407 1765 eete-

762 1783 876 1813 rain
900 1780 979 1811 ΧΗ.
1012 1779 1181 1812 tabulis
1208 1780 1404 1811 minuen-

763 1827 805 1858 di
843 1830 1008 1859 sumtus
1047 1826 1405 1858 lamentationis-

764 1883 842 1914 que
902 1872 1114 1904 funebris
1182 1873 1406 1904 translata

763 1923 866 1950 sunt
901 1918 950 1949 de
989 1917 1173 1950 Solonis
1213 1918 1308 1950 fere
1347 1919 1405 1950 le·
1461 1934 1464 1937 ⁴

762 1964 909 2006 gibus,
936 1968 1001 1995 etc.

809 2008 1145 2052 τώνὲκμαγείων
1165 2014 1255 2042 ταῖς
1274 2006 1406 2053 ᾠδαῖς

762 2057 826 2099 -]
877 2066 975 2088 num
1023 2057 1203 2098 primam
1248 2057 1405 2089 forma-

767 2113 855 2134 rum
887 2103 994 2135 hanc
1030 2105 1234 2136 cantibus
1265 2104 1405 2142 (defini-

761 2150 861 2181 endis
887 2154 920 2181 et
949 2150 1220 2190 constituendis)
1246 2150 1404 2182 consti-

761 2197 826 2227 tui
875 2197 1074 2237 placeat?
1151 2197 1403 2238 Imperativum

762 2241 892 2273 κείσθω
922 2244 958 2273 in
994 2243 1272 2284 interrogatione
1307 2244 1401 2285 posi-

762 2294 833 2321 tum
851 2299 894 2320 ne
913 2299 1019 2329 aegre
1037 2289 1143 2330 feras,
1159 2290 1280 2322 eodem
1297 2290 1402 2322 modo

761 2345 843 2366 mox
868 2345 900 2377 p.
926 2335 1005 2369 801.
1031 2335 1076 2370 D.
1105 2337 1136 2367 τί
1166 2333 1251 2373 σὼ),-
1276 2333 1296 2367 ὃ
1323 2337 1402 2367 πολ.-

762 2379 854 2417 λάκις
878 2380 1010 2422 ἐρωτῶ,
1035 2382 1167 2414 κείσθω
1192 2380 1301 2421 νόμος
1325 2379 1404 2424 ἡμῖν

763 2427 817 2458 καὶ
857 2426 966 2459 τύπος
1001 2426 1180 2470 ἐκμαγεῖόν
1218 2440 1251 2460 τε
1291 2430 1404 2470 τρίτον

761 2474 875 2510 τοῦτο,
904 2470 925 2515 ἢ
950 2474 1022 2506 πῶς
1045 2473 1156 2514 δοκεῖ;
1187 2475 1228 2508 Ρ.
1255 2474 1334 2509 800.
1362 2475 1403 2506 Β.

762 2519 893 2551 κείσθω
927 2518 964 2551 δὲ
994 2520 1059 2552 νῦν
1099 2518 1176 2563 ἡμῖν
1215 2521 1320 2553 ταῦτα
1358 2522 1404 2563 τῷ

762 2565 869 2608 λόγῳ;
893 2566 979 2598 soll
1005 2568 1153 2600 dieses
1183 2569 1296 2599 ietzt
1320 2571 1400 2600 v-on

762 2623 837 2644 uns
886 2613 1024 2645 durch
1073 2614 1144 2645 dic
1194 2612 1305 2646 Rede
1353 2625 1400 2646 so

761 2660 1032 2700 festgesetzt
1073 2660 1191 2692 sein?
1239 2658 1280 2692 P.
1319 2658 1398 2695 820.

761 2706 799 2736 F..
829 2701 961 2737 οὐκοῦν
988 2707 1067 2738 νῦν.
1096 2701 1123 2737 ni
1149 2705 1242 2747 ξένε,
1271 2707 1401 2739 κείσθω
