1644 2886
234 79 316 120 DE
350 76 626 120 LEGIBUS
662 77 774 120 LIB.
807 76 885 119 VI.
918 77 965 118 P.
1003 79 1099 120 769.
1131 75 1198 120 St.
1334 78 1411 118 177

48 196 172 247 ζῶον
207 199 279 238 καὶ
318 194 439 238 τοῦτ’
480 187 539 241 αὖ
575 196 791 249 μηδέποτε
829 199 897 238 ἐπὶ
927 194 976 238 τὸ
999 193 1278 253 φαυλότερον
1300 193 1402 237 ἀλλ’

55 264 128 308 hul
164 261 213 306 τὸ
250 264 426 317 βέλτιον
462 261 596 317 ἴσχειν
634 263 712 304 τοῦ
748 260 952 313 ἐπιόντος
992 260 1063 305 ἀεὶ
1094 259 1279 318 χρόνου,
1313 261 1412 313 ξυν·

47 336 176 380 ’νοεῖς
211 326 282 372 ὅτι
321 326 494 380 θνητὸς
528 324 613 379 ὤν,
661 333 695 370 εὶ
730 327 792 383 μή
829 345 930 372 τινα
966 332 1227 387 καταλείψει
1260 327 1412 372 διάδο-

53 411 138 451 χον
178 398 257 438 τοῦ
294 396 590 449 ἐπανορθοῦν
627 411 694 445 τε,
729 396 808 438 ὲαν
844 413 887 438 τι
920 395 1176 454 σφάλληται
1211 393 1262 438 τὸ
1300 397 1411 447 ζῶον

38 458 144 505 ,ὑπὸ
185 460 384 518 χρόνων,
433 463 506 504 καὶ
557 458 605 504 τὸ
649 464 964 520 παραλειφθὲν
1011 461 1099 505 ὑπὸ
1145 464 1224 514 τῆς
1265 460 1410 504 ἀσθε-

57 532 176 579 νείας
223 531 299 581 τῆς
343 529 504 570 ἑαυτοῦ
550 526 661 582 πρὸς
702 528 783 581 τὴν
832 533 983 583 τέχνην
1031 528 1125 579 οἶός
1171 545 1214 572 τε
1260 533 1319 579 εὶς
1355 528 1404 572 τὸ

58 594 265 652 πρόσθεν
300 598 422 638 ἔσται
457 594 717 650 φαιδρύνων
748 604 891 638 ποιεῖν
926 595 1187 650 ἐπιδιδόναι,
1224 594 1409 652 σμικρόν

59 677 156 704 τινα
188 660 356 717 χρόνον
390 660 512 714 αὐτῷ
550 660 683 710 πόνος
715 670 959 717 παραμενεῖ
992 663 1254 717 πάμπολυς,-

159 730 260 771 ΚΛ.
330 727 522 779 Ἀληθῆ.

156 795 256 838 ΑΘ.
334 796 386 836 Τί
431 787 539 842 οὖν’,
588 786 665 850 ἆρ’

58 863 137 904 τοῦ
175 863 432 916 νομοθέτου
468 860 658 915 βούλημ’

720 793 773 837 οὐ
822 797 1031 838 τοιοῦτον
1076 797 1196 838 δοκεῖ
1240 809 1310 837 σοι
1353 794 1404 838 τὸ

713 860 846 913 εἶναις
896 863 1071 916 πρῶτον
1114 865 1196 916 μὲν
1229 860 1407 919 γράψαι

150 1014 357 1047 ἐπιόντος
388 1013 451 1047 ἀεὶ
485 1014 669 1056 χρόνου]
705 1013 746 1056 δὴ
779 1026 851 1071 pro
873 1013 923 1047 ἀεὶ
951 1017 990 1050 Ξ.
1017 1027 1043 1048 ι·.
1078 1022 1112 1049 et
1138 1025 1246 1057 marg.
1283 1014 1320 1048 Ω.
1370 1017 1409 1047 In

13 1056 24 1066 ‘
60 1061 152 1094 Flor.
179 1071 210 1093 ιι.
239 1071 269 1093 c.
298 1073 330 1094 0.
357 1063 545 1103 scriptum.
571 1059 730 1093 ἐπιόντος
757 1059 805 1103 δὴ
829 1057 892 1093 ἀεὶ
918 1073 968 1104 χρ

152 1105 225 1139 ἐάν
260 1119 292 1139 τι
326 1106 586 1149 σφάλληται]
618 1108 653 1138 V.
684 1105 869 1148 σφάληται,
896 1108 1006 1140 invitis
1033 1107 1136 1139 codd.
1166 1098 1273 1139 Voss.
1300 1117 1332 1139 x.
1364 1118 1410 1139 us

59 1151 245 1195 σφάλληται

154 1198 290 1230 πόνος
315 1203 555 1241 παραμενεῖ
574 1200 626 1240 π.]
654 1197 771 1231 Minus
796 1201 892 1231 recte
917 1196 1096 1239 παρεμένει
1124 1200 1161 1229 Α.
1190 1198 1227 1231 Ξ.
1259 1195 1297 1229 Ω.
1326 1207 1357 1230 v.
1387 1198 1409 1230 f.

62 1243 92 1276 li.
119 1255 144 1277 r.
171 1255 202 1276 a.
230 1255 259 1277 c.
288 1242 316 1275 δ.
342 1255 372 1276 ο.
401 1254 477 1276 cum
505 1244 580 1277 Alci.
610 1244 695 1279 Lov.
723 1244 821 1276 ans.
846 1243 878 1277 1.
903 1244 935 1277 2.
964 1248 1004 1276 ut
1033 1243 1129 1276 dedit
1152 1253 1264 1285 nuper
1289 1243 1410 1278 Herm.

60 1295 95 1322 et
120 1289 321 1323 Schneider.
371 1291 538 1323 Futurum
566 1290 668 1322 etiam
694 1293 936 1331 antegressum
965 1289 1153 1347 καταλείψει
1177 1289 1329 1331 requirit.

59 1429 201 1466 tenore,
239 1426 404 1460 infertur:
448 1424 591 1468 σμικρόν
628 1436 700 1456 τινα

59 1482 187 1513 1901107
227 1469 340 1515 αυτῷ
378 1483 446 1504 710²·
450 1481 490 1504 08
532 1474 704 1514 περιμενεῖ

60 1514 256 1558 πάμπολυς,
289 1528 351 1560 pro
385 1528 455 1559 quo
481 1519 620 1561 proprie
646 1517 697 1549 di-

58 1562 207 1596 cendum
233 1563 316 1596 fuit:
345 1562 458 1596 πόνον
480 1564 560 1605 ἕξει.
605 1563 697 1596 Con-

59 1609 186 1642 similis
208 1608 444 1644 anacoluthiae
461 1610 621 1651 exempla
645 1613 697 1641 at-

9 1672 17 1699 ]
60 1655 137 1687 tulit
167 1653 386 1689 Matthiae
411 1656 473 1688 Gr.
501 1656 531 1697 ξ.
558 1655 641 1690 631.
665 1655 697 1688 1.

61 1703 97 1734 et
121 1699 152 1741 ξ.
172 1700 252 1735 556.
269 1700 302 1735 3.
329 1701 387 1734 ubi
414 1711 480 1734 nec
505 1701 604 1735 huius
629 1700 699 1732 loci

59 1745 125 1778 fuit
170 1746 366 1779 immemor.
433 1747 508 1780 Nec
552 1748 699 1780 multum

61 1791 262 1834 discrepant
296 1793 354 1825 illa
381 1793 440 1827 ΙΙΙ.
479 1804 513 1835 p.
545 1793 624 1827 686.
660 1793 699 1824 D.

61 1836 106 1871 11.
135 1847 169 1878 p.
202 1837 283 1871 673.
320 1837 360 1870 C.
396 1838 467 1870 Vll.
494 1849 527 1880 p.
554 1839 633 1873 817.
661 1838 701 1871 D.

61 1893 95 1924 p.
121 1882 201 1917 811.
234 1882 275 1915 C.
334 1883 454 1926 ltaque
484 1893 553 1916 non
583 1893 703 1916 assen-

62 1928 168 1960 timur
207 1928 481 1966 Hermanno,
517 1930 573 1970 qni
614 1930 705 1961 iusto

62 1973 292 2006 confidentius
346 1975 484 2016 scripsit
531 1973 704 2015 διάδοχον,

63 2018 111 2052 ὃς
132 2018 363 2061 ἐπανορθοῦν
387 2031 416 2051 κ.
444 2031 471 2051 τ.
497 2021 524 2052 λ.

109 2066 179 2097 καὶ
229 2063 277 2096 τὸ
318 2065 621 2107 παραλειφθὲν
662 2085 705 2089 -

64 2109 347 2153 ἐπιδιδόναι]
405 2116 448 2144 et
502 2112 587 2144 nisi
642 2111 705 2151 id,

64 2156 178 2199 quod
218 2167 295 2200 per
339 2157 705 2190 imbecillitatem

64 2212 184 2236 suam
210 2203 261 2235 ad
289 2207 427 2236 artem
455 2203 706 2245 neglectum

65 2259 117 2281 ac
141 2250 506 2290 praetermissum
534 2249 612 2292 nit,
637 2258 708 2290 po-

66 2295 175 2327 terit
214 2304 439 2328 exornare
479 2304 616 2336 porro
647 2297 706 2326 at-

65 2349 150 2381 que
174 2340 390 2380 efficere,
426 2344 472 2372 ut
498 2340 708 2382 perficia-

68 2390 198 2425 και-γι.
230 2386 271 2418 in
304 2386 469 2419 melius
500 2390 708 2418 mutetur.

70 2429 184 2471 Fingit
207 2431 312 2473 igitur
342 2430 568 2474 philosophus
595 2431 708 2473 picto·

70 2484 141 2508 rem
176 2476 343 2518 aliquem,
379 2478 437 2518 qui
479 2477 565 2509 artis
603 2486 707 2518 opus,

19 2533 31 2546 ι
69 2519 164 2562 quod
195 2521 403 2560 condiderit,
441 2527 524 2564 post
559 2526 706 2555 mortem

70 2574 170 2598 anam
195 2566 312 2608 cupiat
341 2574 408 2600 Ιιοιι
442 2568 547 2601 modo
573 2570 718 2601 salvum.

72 2615 109 2645 et
139 2611 311 2644 incolume
341 2615 556 2651 conservari,
589 2623 706 2645 verum

73 2655 177 2688 etiam
210 2666 323 2698 usque
360 2659 488 2700 perlici.
543 2659 705 2693 Quorum

119 2711 207 2744 Plut.
233 2713 324 2754 opp.
348 2714 428 2744 Vni.
452 2714 514 2746 Xl.
554 2716 646 2747 Secl.
674 2716 720 2747 11.

767 1431 946 1467 comparat
1003 1427 1119 1467 legum
1179 1425 1411 1462 conditorem.

767 1471 824 1513 qui
852 1473 936 1505 item
963 1475 1080 1514 optet,
1112 1475 1149 1504 ut
1181 1471 1297 1512 legum
1329 1481 1410 1503 sua-

766 1527 843 1550 rum
867 1527 977 1559 usque
1011 1518 1121 1550 maior
1149 1516 1208 1548 fiat
1233 1521 1410 1558 praestan-

768 1563 827 1595 tia.
877 1563 977 1597 Quae
1002 1562 1218 1605 comparatio
1238 1562 1413 1604 displicuit

765 1610 952 1642 Zellero
978 1608 1079 1641 Stud.
1107 1609 1267 1641 Platonn.
1297 1618 1330 1649 p.
1353 1607 1407 1642 77.

764 1655 927 1696 quoniam
961 1656 1076 1687 nullus
1109 1663 1256 1694 unquam
1296 1655 1411 1695 pictor

768 1701 902 1733 futurus
927 1701 983 1741 sit,
1010 1701 1066 1742 qui
1092 1701 1147 1733 alii
1163 1699 1298 1732 cuidam
1323 1710 1410 1741 ope·

769 1748 816 1779 ris
843 1747 895 1778 sui
920 1756 1031 1788 usque
1056 1746 1238 1779 excolendi
1265 1755 1306 1777 ac
1332 1756 1411 1787 per·

768 1792 904 1826 ficieucli
931 1801 1046 1824 euram
1064 1793 1108 1823 sit
1125 1791 1409 1824 demandaturus.

770 1840 821 1871 At
852 1838 1012 1870 nimirum
1050 1838 1145 1869 finxit
1184 1836 1411 1879 philosophus

772 1888 871 1916 certe
895 1884 1000 1916 talem
1024 1883 1143 1914 virum.
1193 1883 1241 1914 Et
1264 1883 1341 1924 quis
1359 1887 1413 1914 est

772 1929 830 1970 qui
862 1933 982 1970 neget,
1019 1929 1113 1960 illum
1148 1927 1287 1960 demum
1319 1931 1412 1959 cete-

774 1976 821 2006 ris
854 1975 1016 2006 omnibus
1059 1973 1188 2005 rectius
1221 1974 1416 2013 meliusque

775 2029 863 2060 opus
911 2020 982 2051 tale
1031 2019 1266 2060 perfecturum
1325 2028 1418 2056 ease,

773 2075 875 2107 quem
903 2066 1130 2106 auctos-ripae
1159 2068 1320 2105 tanquam
1349 2061 1421 2096 διά-

775 2111 878 2152 δοχον
903 2120 1001 2143 suum
1033 2110 1233 2142 formaverit
1259 2114 1296 2142 et
1319 2109 1420 2152 insti-

775 2156 912 2190 tuerit?
965 2155 1136 2188 Notabilis
1176 2165 1259 2188 vero
1298 2155 1333 2188 in
1369 2155 1419 2188 his

775 2212 915 2245 quoque
941 2203 1092 2234 cernitur
1116 2201 1287 2233 sermonis
1314 2202 1418 2234 licen-

776 2249 823 2282 tia
850 2249 960 2280 dicam
987 2258 1028 2279 an
1055 2247 1277 2288 negligentia.
1329 2245 1416 2280 Nam

776 2294 854 2327 inde
881 2293 924 2325 ab
951 2294 1005 2325 καὶ
1032 2290 1069 2324 ιὸ
1095 2291 1335 2334 παραλειφθὲν
1350 2304 1419 2324 ua.

775 2335 805 2371 λζ
842 2339 996 2381 pergitur
1027 2338 1191 2380 perinde,
1224 2349 1265 2370 ac
1296 2339 1324 2370 si
1350 2348 1418 2370 non

776 2384 1024 2427 praecessisset
1074 2385 1139 2416 τοῦ
1189 2382 1420 2425 ἐπανορθοῦν

779 2441 826 2467 ιε,
871 2429 932 2462 sed
967 2427 1008 2461 ὃς
1037 2428 1237 2470 ἐπανορθοῖ
1275 2440 1324 2469 τε,
1365 2430 1419 2462 vel

776 2476 894 2518 potius
921 2472 961 2506 ὃς
986 2471 1230 2517 ἐπανορθώσει
1257 2485 1301 2507 τε.

824 2522 864 2553 Ι).
919 2521 1097 2560 πρῶτον
1143 2520 1214 2560 μὲν
1258 2518 1419 2563 γράψαι

780 2565 882 2599 τοὺς
916 2578 936 2597 ν
953 2565 1010 2606 όμ
1025 2578 1043 2597 ο
1060 2578 1082 2598 υ
1101 2566 1146 2608 ε]
1200 2566 1251 2598 En
1291 2574 1417 2600 novum

776 2609 971 2654 exemplum
1000 2612 1173 2646 sermonis
1198 2621 1342 2653 prorsus
1365 2611 1413 2643 in—

775 2660 928 2692 solenter
956 2659 1175 2691 conformati.
1207 2657 1292 2690 Nam
1310 2666 1414 2699 quum

1099 2713 1148 2752 12
