1644 2886
275 123 356 162 ‘202

380 233 492 291 Cap.
531 231 661 275 MX.

742 119 1128 163 „PLATONIS

737 231 951 287 Κτήματα
997 235 1040 274 δὲ
1083 230 1132 275 τὸ
1178 249 1285 284 μετα
1334 235 1464 276 τοῦτο
1500 243 1606 278 ποῖα

277 300 336 342 ἅν
374 317 436 348 τις
468 303 726 351 κεκτημένος
761 298 1078 352 ἑμμελεστατην
1113 297 1268 341 οὐσίαν
1306 302 1508 359 κεκτῆτος
1554 301 1607 343 td

278 368 356 419 μὲν
404 357 483 407 οὖν
528 361 668 406 πολλοὶ
717 362 818 406 οὔτε
868 365 1030 415 νοῆσαι
1069 362 1262 418 χαλεπὸν
1306 363 1406 407 οὔτε
1449 365 1609 416 κτήσα-

280 433 418 477 σθαι,
460 446 512 470 τοι
562 432 606 472 δὲ
643 426 695 480 δη
736 432 822 471 τῶν
857 431 1034 472 οἰκετῶν
1076 428 1258 484 χαλεπὰ
1283 446 1439 489 namq.
1479 429 1527 472 τὸ
1565 431 1603 473 6

234 500 240 534 ἶ
281 495 438 545 αἴτιον,
477 494 556 537 οὐκ
590 494 744 550 ὀρθῶς
778 512 867 545 πως
901 499 974 538 καί
1009 511 1106 537 tna
1142 495 1307 551 τρόπον
1329 495 1484 550 ὀρθῶς
1516 513 1612 552 περι

279 560 427 603 αὐτῶν
471 564 671 615 λέγομεν·

719 565 896 604 ἐναντία
946 559 1031 615 ,ἀρ
1071 569 1167 610 ταῖς
1198 565 1362 615 χρείαις
1393 579 1464 604 και
1498 562 1608 604 κατὰ

282 624 362 676 τὰς
402 643 550 681 χρειας
593 621 649 668 αὖ
698 626 953 681 ποιούμεθα
996 643 1091 680 περι
1138 627 1304 670 δουλων
1350 630 1419 670 καὶ
1457 626 1510 669 τά
1548 631 1611 671 λε’-

280 709 456 747 γομενα.

370 843 453 885 Cap.
489 843 584 876 XIX.
641 843 681 877 B.

283 889 413 921 Antius.

737 842 887 875 ου’σιάν
928 847 1130 889 κεκτῇτο]
1175 846 1211 878 V.
1255 848 1400 885 κέκτητο.

1457 845 1613 878 Correxit

367 931 533 974 χαλεπὰ
563 930 723 976 πάντῃ]
760 933 799 968 V.
826 932 951 974 πάντα,
976 934 1089 966 invitia
1117 937 1155 968 Α.
1181 936 1216 966 Ξ.
1249 933 1287 967 Ω.
1314 945 1344 967 v.
1369 934 1390 966 f.
1419 934 1447 966 h.
1475 946 1502 966 r.
1528 946 1557 966 a.
1584 946 1611 966 c.

282 990 312 1010 ο.
339 980 370 1011 δ.
396 989 428 1012 x.
454 982 489 1010 et
515 977 635 1010 Athen.
662 979 684 1009 l.
712 988 741 1010 c.

283 1090 324 1121 ab
350 1089 424 1120 aliis
450 1094 659 1130 acceperunt
684 1090 805 1129 vitam,
832 1089 918 1121 lmnc

283 1140 441 1174 tanquam
458 1134 615 1176 lampada
636 1144 752 1166 rursus
778 1134 918 1167 tradunt

282 1179 377 1215 aliis,
415 1178 514 1210 sicuti
553 1178 679 1211 factum
718 1180 750 1211 in
789 1181 918 1221 lampa-

285 1224 363 1256 dum
391 1223 493 1262 ludo,
518 1234 586 1265 quo
611 1225 643 1256 in
673 1225 801 1257 Dianae
829 1226 916 1256 Ben-

284 1268 398 1301 didiae
422 1269 514 1300 festo
534 1270 733 1308 utebantur3
761 1280 791 1301 v.
814 1270 916 1311 Reip.

284 1316 312 1346 1.
340 1324 373 1355 p.
398 1313 477 1348 328.
504 1315 549 1345 A.
607 1314 692 1346 Noti
726 1319 803 1346 sunt
840 1325 916 1347 ver-

285 1369 344 1391 aus
393 1359 421 1391 1.
436 1370 457 1392 u
475 1369 493 1390 c
511 1369 528 1390 r
543 1370 561 1391 e
577 1363 590 1391 t
607 1360 615 1389 i
633 1360 660 1397 i,
708 1360 766 1400 qui
805 1360 920 1391 iudice

288 1404 512 1436 Boeckhio
550 1406 583 1436 in
616 1405 699 1438 Min.
742 1409 778 1437 et
807 1405 917 1446 Legg.

284 1461 316 1490 p.
344 1449 420 1483 140.
471 1448 622 1482 Platonis
657 1451 768 1482 locum
801 1460 917 1491 respe·

286 1495 351 1534 xit,
388 1494 478 1526 Libr.
510 1495 558 1526 ΙΙ.
593 1505 622 1526 ν.
657 1495 718 1529 76:
751 1498 919 1536 Auges·

286 1545 387 1571 cunt
427 1540 543 1571 aliae
582 1544 760 1579 gentes,
804 1541 919 1572 aliae

286 1584 552 1623 minuuntur,
593 1585 755 1624 Inque
798 1585 916 1616 brevi

285 1630 440 1670 spatio
489 1639 519 1661 n1
540 1638 560 1660 u
580 1634 620 1661 ta
639 1635 752 1661 ntur
802 1630 922 1660 secla

287 1676 575 1713 animantum,
604 1673 654 1705 Et
678 1675 804 1715 quasi
831 1684 920 1705 cur-

289 1730 422 1751 aorea
467 1720 570 1750 vitai
603 1719 806 1760 lampada
837 1723 920 1751 tra-

290 1765 406 1796 dunt.
435 1764 491 1795 ubi
516 1774 546 1795 v.
572 1764 681 1805 intpp.

337 1832 422 1873 Cap.
442 1831 538 1863 XIX.
565 1829 610 1863 τὰ
637 1830 706 1869 μὲν
732 1826 808 1860 οὖν
831 1830 923 1861 πολ.-

293 1877 341 1908 λὰ
371 1876 473 1907 οὔτε
499 1873 728 1916 νοῆσαι-]
756 1874 808 1906 Et
833 1877 922 1916 plu-

292 1923 395 1955 rima
424 1921 592 1962 quidem
621 1929 758 1961 neque
779 1921 924 1961 cogni-

293 1973 335 1999 tu
361 1976 501 2008 neque
527 1969 781 2007 comparatu
813 1965 924 1997 diffi-

292 2014 403 2044 cilia
450 2015 567 2051 smit3
627 2014 924 2042 verumtamen

293 2067 516 2090 servorum
566 2055 792 2097 possessio
839 2056 925 2087 uti—

293 2113 374 2143 que
400 2106 467 2134 est
493 2100 716 2133 difficilia.

339 2167 384 2200 ¹to'
412 2167 446 2200 δ’
474 2171 646 2207 αἴτιον,
677 2166 753 2198 ov'u
777 2165 926 2208 ὀρθῶς

292 2225 375 2250 πως
400 2213 462 2253 -]
498 2213 680 2244 commate
712 2216 791 2252 post
815 2212 927 2242 αἴτιον

293 2258 506 2299 distinguere
531 2258 668 2298 placuit,
695 2260 734 2288 ut
757 2256 926 2288 sententia

295 2303 340 2334 alt
363 2302 466 2335 haec.
489 2301 529 2333 -ιό
557 2301 589 2333 δ’
616 2301 727 2333 αἴτιόν
751 2302 853 2340 ἐστιν,
870 2298 927 2332 ὅτι.

296 2346 358 2380 οὐκ
395 2346 515 2388 ορθῶς
557 2360 586 2380 κ.
625 2359 656 2379 τ.
695 2348 724 2378 λ.
770 2355 923 2378 caussa

295 2393 358 2425 rei
401 2393 510 2425 haec
549 2395 631 2425 eat:
681 2391 925 2424 iudicamus

296 2438 346 2469 de
376 2437 433 2469 iia
463 2436 576 2468 falso
606 2435 927 2477 quodammodo

296 2487 338 2515 et
393 2481 711 2522 quodaminodo
771 2485 927 2513 reete.

296 2526 575 2559 Constructionis
619 2529 782 2558 rationem
823 2536 927 2565 expe-

296 2572 379 2603 divit
419 2570 629 2603 Matthiae
669 2573 729 2602 Gr.
775 2571 805 2611 ξ.
847 2570 927 2604 432.

296 2618 365 2649 lam
406 2626 489 2649 vero
526 2615 617 2648 idem
662 2617 786 2648 elarius
824 2617 927 2647 etiam

297 2663 492 2694 enuntiatur
513 2661 625 2693 verbis
642 2661 817 2703 proximis,
842 2670 927 2701 quae

986 1090 1036 1121 8ἰῦ
1074 1090 1226 1131 dlgerasz
1274 1090 1329 1120 καὶ
1372 1102 1412 1119 ιιι
1454 1087 1615 1130 λογόμειιι

984 1131 1050 1176 γάρ
1098 1134 1175 1176 περὶ
1230 1133 1364 1166 δούλων
1415 1132 1615 1189 ποιούμεθα

984 1180 1119 1265 ἐναῖτία
1143 1182 1217 1215 ταῖς
1242 1181 1370 1222 χρείαις
1383 1178 1436 1209 καὶ
1461 1190 1505 1209 av
1531 1176 1613 1210 κατὰ

984 1235 1042 1266 χρε
1060 1236 1098 1261 ας

1032 1315 1071 1346 C.
1121 1314 1138 1355 ἡ
1174 1313 1537 1354 Λακεδαιμονίων
1562 1313 1615 1342 οἱ·

985 1360 1161 1400 laureta]
1201 1360 1250 1391 De
1290 1358 1352 1390 hac
1384 1356 1614 1397 v.1egg.1-

985 1415 1017 1445 Ρ-
1058 1404 1135 1439 633.
1174 1403 1211 1435 C.
1253 1402 1414 1435 Strabo
1454 1402 1544 1433 Vlll.
1584 1412 1617 1442 p.

984 1449 1062 1484 560.
1090 1450 1128 1481 C.
1154 1449 1247 1483 561.
1262 1450 1299 1481 A.
1324 1448 1361 1479 Β.
1391 1446 1616 1479 Plutarch.

990 1495 1054 1526 Vix.
1081 1495 1228 1535 Lycurg.
1256 1504 1285 1525 c.
1312 1493 1368 1527 28.
1406 1493 1548 1524 Sturz.
1574 1491 1617 1522 ad

989 1540 1156 1572 Hellanic.
1205 1539 1344 1580 Fragm.
1394 1548 1426 1578 p.
1475 1537 1520 1571 35
1567 1547 1617 1578 sq.

985 1585 1139 1616 Manao
1157 1586 1187 1615 in
1206 1585 1329 1624 Sparta
1352 1583 1424 1614 Vol.
1446 1583 1472 1614 Ι.
1492 1593 1522 1623 p.
1541 1581 1616 1615 141.

991 1630 1120 1662 Ottfr.
1150 1629 1305 1661 Miiller
1330 1626 1508 1660 Geschich.
1528 1627 1617 1658 Heli.

990 1674 1146 1707 stamme
1181 1674 1252 1704 Vol.
1284 1673 1333 1704 II.
1369 1673 1406 1705 P.
1441 1674 1472 1705 1.
1510 1682 1541 1714 p.
1575 1671 1621 1705 33

990 1729 1064 1760 sqq.
1091 1717 1371 1750 Wachamuth.
1401 1717 1532 1749 Hellen.
1564 1718 1620 1747 Al-

990 1763 1091 1796 terth.
1121 1764 1149 1796 1.
1183 1765 1222 1802 1,
1249 1763 1325 1796 219.
1360 1767 1394 1794 et
1419 1762 1450 1794 2.
1486 1772 1516 1802 p.
1541 1761 1618 1794 211.

991 1808 1241 1841 Schiimann.
1284 1807 1506 1848 Antiquitatt.
1554 1807 1616 1837 lur.

996 1854 1089 1887 Publ.
1139 1853 1312 1885 Graecor.>
1354 1863 1385 1892 p.
1434 1851 1502 1885 108
1545 1860 1618 1891 sqq.

993 1899 1224 1931 Hermann.
1261 1899 1309 1929 De
1341 1897 1494 1937 vestigiis
1526 1895 1620 1927 insti-

993 1947 1069 1976 tutt.
1106 1947 1188 1975 vett.
1231 1953 1290 1984 per
1322 1942 1478 1973 Platonis
1508 1940 1622 1980 Leges

994 1987 1239 2030 investigandis
1271 1998 1303 2028 p.
1336 1987 1392 2020 31.
1419 1996 1469 2026 sq.
1518 1985 1621 2016 Varia

994 2033 1074 2065 illud
1126 2034 1373 2075 Spartanorum
1430 2031 1620 2062 institutum

994 2079 1079 2110 inter
1118 2079 1214 2120 ipsoa
1253 2077 1408 2108 Graecos
1445 2079 1620 2116 expertum

995 2134 1071 2155 esse
1103 2123 1225 2155 iudicia
1265 2132 1306 2154 ex
1339 2120 1403 2152 hoc
1439 2121 1515 2161 ipso
1542 2120 1620 2151 Pla-

994 2169 1083 2200 tonis
1110 2170 1185 2200 loco
1216 2166 1371 2199 omnibus
1404 2165 1621 2196 manifestum

995 2223 1073 2245 esse
1112 2213 1235 2251 debet,
1278 2214 1315 2242 ut
1353 2210 1476 2242 frustra
1514 2218 1624 2250 nuper

996 2258 1139 2298 fuerint,
1172 2259 1229 2298 qui
1260 2256 1342 2288 illud
1371 2254 1493 2296 quovis
1518 2253 1623 2285 modo

994 2303 1179 2335 defendere
1209 2302 1251 2334 ab
1281 2299 1532 2333 inhumanitatis
1557 2298 1620 2330 cri-

995 2348 1083 2379 mine
1108 2349 1322 2379 conarentur.

1039 2434 1200 2467 ἐλάττω
1224 2434 1269 2466 δὲ
1295 2433 1316 2475 »ἵ
1340 2434 1619 2476 τε“Ηρακλεω·

995 2483 1075 2512 τῶν
1100 2480 1164 2522 —]
1194 2480 1341 2512 Meliore
1373 2480 1475 2521 igitur
1505 2477 1621 2510 condi-

995 2527 1108 2564 tione,
1141 2535 1242 2565 qnam
1271 2525 1438 2563 Helotae,
1470 2523 1519 2554 usi
1545 2527 1623 2554 aunt

995 2569 1206 2611 Mariandyni
1252 2570 1535 2602 Heracleotarum
1584 2577 1627 2598 ao

994 2614 1236 2647 Thessalorum
1263 2617 1433 2652 πενέσται,
1460 2612 1518 2653 qui
1541 2612 1622 2644 item

994 2659 1090 2693 fuere
1116 2660 1358 2701 avrvipublici.
1396 2657 1528 2690 Etenim
1548 2656 1621 2689 Ma-
