<?xml version="1.0" encoding="UTF-8"?>
<!DOCTYPE html PUBLIC "-//W3C//DTD XHTML 1.0 Transitional//EN"
    "http://www.w3.org/TR/xhtml1/DTD/xhtml1-transitional.dtd">
<html xmlns="http://www.w3.org/1999/xhtml" xml:lang="en" lang="en">
 <head>
  <title>
</title>
<meta http-equiv="Content-Type" content="text/html;charset=utf-8" />
  <meta name='ocr-system' content='tesseract 3.04.00' />
  <meta name='ocr-capabilities' content='ocr_page ocr_carea ocr_par ocr_line ocrx_word'/>
</head>
<body>
  <div class='ocr_page' id='page_1' title='image "./s2operaomniarece10platuoft_0336.png"; bbox 0 0 1644 2886; ppageno 0'>
   <div class='ocr_carea' id='block_1_1' title="bbox 158 637 199 676">
    <p class='ocr_par' dir='ltr' id='par_1_1' title="bbox 158 637 199 676">
     <span class='ocr_line' id='line_1_1' title="bbox 158 637 199 676; baseline 0 0"><span class='ocrx_word' id='word_1_1' title='bbox 158 637 199 676; x_wconf 79' lang='lat'>1)</span> 
     </span>
    </p>
   </div>
   <div class='ocr_carea' id='block_1_2' title="bbox 229 110 1075 156">
    <p class='ocr_par' dir='ltr' id='par_1_2' title="bbox 229 110 1075 156">
     <span class='ocr_line' id='line_1_2' title="bbox 229 110 1075 156; baseline -0.002 0"><span class='ocrx_word' id='word_1_2' title='bbox 229 114 308 156; x_wconf 77' lang='lat'>222</span> <span class='ocrx_word' id='word_1_3' title='bbox 706 110 1075 155; x_wconf 82' lang='lat' dir='ltr'><strong>PLATONIS</strong></span> 
     </span>
    </p>
   </div>
   <div class='ocr_carea' id='block_1_3' title="bbox 227 224 1551 1214">
    <p class='ocr_par' dir='ltr' id='par_1_3' title="bbox 227 224 1551 1012">
     <span class='ocr_line' id='line_1_3' title="bbox 230 224 1549 283; baseline 0 -12"><span class='ocrx_word' id='word_1_4' title='bbox 230 234 293 279; x_wconf 79' lang='grc' dir='ltr'>τίς</span> <span class='ocrx_word' id='word_1_5' title='bbox 333 245 379 282; x_wconf 79' lang='grc' dir='ltr'><strong><em>γε</em></strong></span> <span class='ocrx_word' id='word_1_6' title='bbox 427 232 533 282; x_wconf 75' lang='grc' dir='ltr'><strong><em>ἔργῳ</em></strong></span> <span class='ocrx_word' id='word_1_7' title='bbox 576 224 636 281; x_wconf 82' lang='grc' dir='ltr'>μὴ</span> <span class='ocrx_word' id='word_1_8' title='bbox 683 225 1013 280; x_wconf 78' lang='grc' dir='ltr'><em>καταγελάστως</em></span> <span class='ocrx_word' id='word_1_9' title='bbox 1056 226 1308 283; x_wconf 75' lang='grc' dir='ltr'><strong><em>ἐπιχειρήσει</em></strong></span> <span class='ocrx_word' id='word_1_10' title='bbox 1341 235 1549 281; x_wconf 68' lang='grc' dir='ltr'><strong><em>γυναῖκας</em></strong></span> 
     </span>
     <span class='ocr_line' id='line_1_4' title="bbox 229 290 1549 352; baseline -0.002 -14"><span class='ocrx_word' id='word_1_11' title='bbox 229 293 577 349; x_wconf 77' lang='grc' dir='ltr'><strong><em>προςβιάζεσθαι</em></strong></span> <span class='ocrx_word' id='word_1_12' title='bbox 623 291 704 344; x_wconf 80' lang='grc' dir='ltr'><strong><em>τὴν</em></strong></span> <span class='ocrx_word' id='word_1_13' title='bbox 749 295 878 336; x_wconf 80' lang='grc' dir='ltr'><em>σίτων</em></span> <span class='ocrx_word' id='word_1_14' title='bbox 922 296 992 335; x_wconf 78' lang='grc' dir='ltr'>καὶ</span> <span class='ocrx_word' id='word_1_15' title='bbox 1027 295 1174 336; x_wconf 82' lang='grc' dir='ltr'><strong><em>ποτῶν</em></strong></span> <span class='ocrx_word' id='word_1_16' title='bbox 1207 290 1427 337; x_wconf 73' lang='grc' dir='ltr'><strong><em>ἀνάλωσιν</em></strong></span> <span class='ocrx_word' id='word_1_17' title='bbox 1462 311 1549 352; x_wconf 84' lang='grc' dir='ltr'>φα-</span> 
     </span>
     <span class='ocr_line' id='line_1_5' title="bbox 229 360 693 413; baseline -0.006 -9"><span class='ocrx_word' id='word_1_18' title='bbox 229 360 361 413; x_wconf 85' lang='grc' dir='ltr'><strong><em>νεράν</em></strong></span> <span class='ocrx_word' id='word_1_19' title='bbox 396 361 693 411; x_wconf 65' lang='grc' dir='ltr'><strong><em>θεωρεῖσθαω</em></strong></span> 
     </span>
     <span class='ocr_line' id='line_1_6' title="bbox 229 422 1549 479; baseline 0 -11"><span class='ocrx_word' id='word_1_20' title='bbox 229 424 470 479; x_wconf 80' lang='grc' dir='ltr'><strong><em>λεπώτερον</em></strong></span> <span class='ocrx_word' id='word_1_21' title='bbox 505 422 562 466; x_wconf 82' lang='grc' dir='ltr'><strong><em>ἂν</em></strong></span> <span class='ocrx_word' id='word_1_22' title='bbox 599 423 840 478; x_wconf 79' lang='grc' dir='ltr'><strong><em>ὑπομείνειε</em></strong></span> <span class='ocrx_word' id='word_1_23' title='bbox 865 426 998 468; x_wconf 85' lang='grc' dir='ltr'><strong><em>τοῦτο</em></strong></span> <span class='ocrx_word' id='word_1_24' title='bbox 1034 423 1084 468; x_wconf 85' lang='grc' dir='ltr'>τὸ</span> <span class='ocrx_word' id='word_1_25' title='bbox 1119 431 1261 478; x_wconf 76' lang='grc' dir='ltr'><strong><em>γένος’</em></strong></span> <span class='ocrx_word' id='word_1_26' title='bbox 1297 427 1549 479; x_wconf 76' lang='grc' dir='ltr'><strong><em>εἰθισμένον</em></strong></span> 
     </span>
     <span class='ocr_line' id='line_1_7' title="bbox 227 488 1551 550; baseline -0.001 -16"><span class='ocrx_word' id='word_1_27' title='bbox 227 491 312 547; x_wconf 63' lang='grc' dir='ltr'>γὰρ</span> <span class='ocrx_word' id='word_1_28' title='bbox 347 490 523 540; x_wconf 82' lang='grc' dir='ltr'><em>δεδυκὸς</em></span> <span class='ocrx_word' id='word_1_29' title='bbox 556 494 626 533; x_wconf 81' lang='grc' dir='ltr'>καὶ</span> <span class='ocrx_word' id='word_1_30' title='bbox 667 488 889 534; x_wconf 84' lang='grc' dir='ltr'><strong><em>σκοτεινὸν</em></strong></span> <span class='ocrx_word' id='word_1_31' title='bbox 923 492 1012 543; x_wconf 86' lang='grc' dir='ltr'><strong><em>ζῆν,</em></strong></span> <span class='ocrx_word' id='word_1_32' title='bbox 1049 490 1268 546; x_wconf 80' lang='grc' dir='ltr'><strong><em>ἀγόμενον</em></strong></span> <span class='ocrx_word' id='word_1_33' title='bbox 1302 491 1341 533; x_wconf 85' lang='grc' dir='ltr'>δ’</span> <span class='ocrx_word' id='word_1_34' title='bbox 1383 497 1440 541; x_wconf 74' lang='grc' dir='ltr'><strong><em>εἰς</em></strong></span> <span class='ocrx_word' id='word_1_35' title='bbox 1458 494 1551 550; x_wconf 71' lang='grc' dir='ltr'>ᾳῶς</span> 
     </span>
     <span class='ocr_line' id='line_1_8' title="bbox 229 556 1549 613; baseline -0.001 -13"><span class='ocrx_word' id='word_1_36' title='bbox 229 561 305 613; x_wconf 79' lang='grc' dir='ltr'>βίᾳ</span> <span class='ocrx_word' id='word_1_37' title='bbox 342 561 491 599; x_wconf 79' lang='grc' dir='ltr'><strong><em>πᾶσαν</em></strong></span> <span class='ocrx_word' id='word_1_38' title='bbox 526 556 753 599; x_wconf 78' lang='grc' dir='ltr'><strong><em>ἀντίτασιν</em></strong></span> <span class='ocrx_word' id='word_1_39' title='bbox 796 556 1043 600; x_wconf 75' lang='grc' dir='ltr'><strong><em>ἀντιτεῖνον</em></strong></span> <span class='ocrx_word' id='word_1_40' title='bbox 1089 556 1198 601; x_wconf 79' lang='grc' dir='ltr'><strong><em>πολὺ</em></strong></span> <span class='ocrx_word' id='word_1_41' title='bbox 1235 557 1438 612; x_wconf 82' lang='grc' dir='ltr'><strong><em>κρατήσει</em></strong></span> <span class='ocrx_word' id='word_1_42' title='bbox 1472 560 1549 600; x_wconf 86' lang='grc' dir='ltr'>τοῦ</span> 
     </span>
     <span class='ocr_line' id='line_1_9' title="bbox 232 616 1543 683; baseline -0.002 -15"><span class='ocrx_word' id='word_1_43' title='bbox 232 626 501 679; x_wconf 72' lang='grc' dir='ltr'><strong><em>νομοθέτου.</em></strong></span> <span class='ocrx_word' id='word_1_44' title='bbox 536 623 656 666; x_wconf 85' lang='grc' dir='ltr'><strong><em>τοῦτ’</em></strong></span> <span class='ocrx_word' id='word_1_45' title='bbox 699 616 779 666; x_wconf 80' lang='grc' dir='ltr'><strong><em>οὖν</em></strong></span> <span class='ocrx_word' id='word_1_46' title='bbox 813 624 983 666; x_wconf 72' lang='grc' dir='ltr'><strong><em>ἄλλοθι</em></strong></span> <span class='ocrx_word' id='word_1_47' title='bbox 1016 630 1107 679; x_wconf 74' lang='grc' dir='ltr'><strong><em>μέν,</em></strong></span> <span class='ocrx_word' id='word_1_48' title='bbox 1146 618 1252 683; x_wconf 74' lang='grc' dir='ltr'><strong><em>ᾗπερ</em></strong></span> <span class='ocrx_word' id='word_1_49' title='bbox 1280 623 1414 672; x_wconf 82' lang='grc' dir='ltr'><strong><em>εἶπον,</em></strong></span> <span class='ocrx_word' id='word_1_50' title='bbox 1449 623 1543 666; x_wconf 74' lang='grc' dir='ltr'>οὐδ’</span> 
     </span>
     <span class='ocr_line' id='line_1_10' title="bbox 229 687 1550 747; baseline -0.001 -15"><span class='ocrx_word' id='word_1_51' title='bbox 229 689 287 733; x_wconf 78' lang='grc' dir='ltr'><strong><em>ἂν</em></strong></span> <span class='ocrx_word' id='word_1_52' title='bbox 331 688 408 733; x_wconf 86' lang='grc' dir='ltr'><strong><em>τὸν</em></strong></span> <span class='ocrx_word' id='word_1_53' title='bbox 451 689 582 743; x_wconf 69' lang='grc' dir='ltr'><strong><em>λόγον</em></strong></span> <span class='ocrx_word' id='word_1_54' title='bbox 621 689 861 743; x_wconf 80' lang='grc' dir='ltr'><strong><em>ὑπομείνειε</em></strong></span> <span class='ocrx_word' id='word_1_55' title='bbox 911 688 986 732; x_wconf 85' lang='grc' dir='ltr'><strong><em>τὸν</em></strong></span> <span class='ocrx_word' id='word_1_56' title='bbox 1029 690 1178 745; x_wconf 75' lang='grc' dir='ltr'><strong><em>ὀρθὸν</em></strong></span> <span class='ocrx_word' id='word_1_57' title='bbox 1211 687 1409 747; x_wconf 72' lang='grc' dir='ltr'><strong><em>ῥηθέντα</em></strong></span> <span class='ocrx_word' id='word_1_58' title='bbox 1445 689 1550 732; x_wconf 76' lang='grc' dir='ltr'><strong><em>ἄνευ</em></strong></span> 
     </span>
     <span class='ocr_line' id='line_1_11' title="bbox 229 753 1549 811; baseline -0.002 -11"><span class='ocrx_word' id='word_1_59' title='bbox 229 756 374 809; x_wconf 75' lang='grc' dir='ltr'><strong><em>πάσης</em></strong></span> <span class='ocrx_word' id='word_1_60' title='bbox 408 759 539 811; x_wconf 81' lang='grc' dir='ltr'><strong><em>βοῆς,</em></strong></span> <span class='ocrx_word' id='word_1_61' title='bbox 583 755 750 798; x_wconf 76' lang='grc' dir='ltr'><strong><em>ἐνθάδε</em></strong></span> <span class='ocrx_word' id='word_1_62' title='bbox 785 758 828 797; x_wconf 79' lang='grc' dir='ltr'>δὲ</span> <span class='ocrx_word' id='word_1_63' title='bbox 865 755 964 804; x_wconf 82' lang='grc' dir='ltr'><strong><em>ἴσως</em></strong></span> <span class='ocrx_word' id='word_1_64' title='bbox 999 753 1068 799; x_wconf 81' lang='grc' dir='ltr'>ἅν.</span> <span class='ocrx_word' id='word_1_65' title='bbox 1107 761 1140 798; x_wconf 81' lang='grc' dir='ltr'><strong><em>εὶ</em></strong></span> <span class='ocrx_word' id='word_1_66' title='bbox 1177 756 1230 807; x_wconf 78' lang='grc' dir='ltr'>δὴ</span> <span class='ocrx_word' id='word_1_67' title='bbox 1272 757 1387 798; x_wconf 82' lang='grc' dir='ltr'><strong><em>δοκεῖ</em></strong></span> <span class='ocrx_word' id='word_1_68' title='bbox 1419 756 1549 808; x_wconf 76' lang='grc' dir='ltr'><strong><em>λόγου</em></strong></span> 
     </span>
     <span class='ocr_line' id='line_1_12' title="bbox 227 821 1551 878; baseline -0.002 -12"><span class='ocrx_word' id='word_1_69' title='bbox 227 823 269 878; x_wconf 84' lang='lat' dir='ltr'>y&#39;</span> <span class='ocrx_word' id='word_1_70' title='bbox 318 829 442 866; x_wconf 76' lang='grc' dir='ltr'><strong><em>ἕνεκα</em></strong></span> <span class='ocrx_word' id='word_1_71' title='bbox 489 821 547 876; x_wconf 83' lang='grc' dir='ltr'>μὴ</span> <span class='ocrx_word' id='word_1_72' title='bbox 596 821 733 877; x_wconf 78' lang='grc' dir='ltr'><strong><em>ἀτυχῆ</em></strong></span> <span class='ocrx_word' id='word_1_73' title='bbox 779 821 856 863; x_wconf 90' lang='grc' dir='ltr'><strong><em>τὸν</em></strong></span> <span class='ocrx_word' id='word_1_74' title='bbox 900 824 994 876; x_wconf 77' lang='grc' dir='ltr'><strong><em>περὶ</em></strong></span> <span class='ocrx_word' id='word_1_75' title='bbox 1041 823 1182 874; x_wconf 78' lang='grc' dir='ltr'><strong><em>πάσης</em></strong></span> <span class='ocrx_word' id='word_1_76' title='bbox 1220 823 1296 873; x_wconf 85' lang='grc' dir='ltr'>τῆς</span> <span class='ocrx_word' id='word_1_77' title='bbox 1330 824 1551 871; x_wconf 81' lang='grc' dir='ltr'><strong><em>πολιτείας</em></strong></span> 
     </span>
     <span class='ocr_line' id='line_1_13' title="bbox 227 887 1550 943; baseline -0.003 -10"><span class='ocrx_word' id='word_1_78' title='bbox 227 892 436 943; x_wconf 75' lang='grc' dir='ltr'><strong><em>γενέσθαι</em></strong></span> <span class='ocrx_word' id='word_1_79' title='bbox 481 887 633 942; x_wconf 78' lang='grc' dir='ltr'><strong><em>λόγον,</em></strong></span> <span class='ocrx_word' id='word_1_80' title='bbox 679 891 815 929; x_wconf 77' lang='grc' dir='ltr'><em>ἐθέλω</em></span> <span class='ocrx_word' id='word_1_81' title='bbox 858 890 991 941; x_wconf 79' lang='grc' dir='ltr'><strong><em>λέγειν</em></strong></span> <span class='ocrx_word' id='word_1_82' title='bbox 1038 887 1093 938; x_wconf 83' lang='grc' dir='ltr'>ὡς</span> <span class='ocrx_word' id='word_1_83' title='bbox 1139 888 1324 940; x_wconf 77' lang='grc' dir='ltr'><strong><em>ἀγαθόν</em></strong></span> <span class='ocrx_word' id='word_1_84' title='bbox 1356 891 1550 930; x_wconf 76' lang='grc' dir='ltr'><strong><em>ἐστι-καῖ</em></strong></span> 
     </span>
     <span class='ocr_line' id='line_1_14' title="bbox 229 953 1546 1012; baseline -0.003 -13"><span class='ocrx_word' id='word_1_85' title='bbox 229 960 408 1011; x_wconf 67' lang='grc' dir='ltr'><strong><em>πρέπον,</em></strong></span> <span class='ocrx_word' id='word_1_86' title='bbox 445 960 479 997; x_wconf 86' lang='grc' dir='ltr'><strong><em>εὶ</em></strong></span> <span class='ocrx_word' id='word_1_87' title='bbox 515 956 588 996; x_wconf 87' lang='grc' dir='ltr'>καὶ</span> <span class='ocrx_word' id='word_1_88' title='bbox 623 956 748 1012; x_wconf 77' lang='grc' dir='ltr'><strong><em>σᾳῷν</em></strong></span> <span class='ocrx_word' id='word_1_89' title='bbox 784 953 977 1005; x_wconf 79' lang='grc' dir='ltr'><strong><em>ξυνδοκεῖ</em></strong></span> <span class='ocrx_word' id='word_1_90' title='bbox 998 953 1196 998; x_wconf 83' lang='grc' dir='ltr'><strong><em>ἀκούειν·</em></strong></span> <span class='ocrx_word' id='word_1_91' title='bbox 1233 959 1268 996; x_wconf 82' lang='grc' dir='ltr'><strong><em>εὶ</em></strong></span> <span class='ocrx_word' id='word_1_92' title='bbox 1285 955 1328 995; x_wconf 83' lang='grc' dir='ltr'>δὲ</span> <span class='ocrx_word' id='word_1_93' title='bbox 1349 954 1422 1008; x_wconf 82' lang='grc' dir='ltr'>μή,</span> <span class='ocrx_word' id='word_1_94' title='bbox 1456 955 1546 995; x_wconf 75' lang='grc' dir='ltr'><strong><em>ἐᾶν.</em></strong></span> 
     </span>
    </p>

    <p class='ocr_par' dir='ltr' id='par_1_4' title="bbox 229 1014 1548 1143">
     <span class='ocr_line' id='line_1_15' title="bbox 328 1014 1548 1075; baseline -0.002 -11"><span class='ocrx_word' id='word_1_95' title='bbox 328 1023 428 1064; x_wconf 89' lang='grc' dir='ltr'>ΚΛ.</span> <span class='ocrx_word' id='word_1_96' title='bbox 496 1020 634 1073; x_wconf 78' lang='grc' dir='ltr'><em>Ἀλλ’,</em></span> <span class='ocrx_word' id='word_1_97' title='bbox 678 1014 709 1061; x_wconf 81' lang='grc' dir='ltr'><em>ὦ</em></span> <span class='ocrx_word' id='word_1_98' title='bbox 748 1020 856 1070; x_wconf 79' lang='grc' dir='ltr'><strong><em>ξένε,</em></strong></span> <span class='ocrx_word' id='word_1_99' title='bbox 893 1023 1164 1075; x_wconf 76' lang='grc' dir='ltr'><strong><em>θαυμαστῶς</em></strong></span> <span class='ocrx_word' id='word_1_100' title='bbox 1199 1021 1246 1062; x_wconf 83' lang='grc' dir='ltr'>τό</span> <span class='ocrx_word' id='word_1_101' title='bbox 1281 1035 1326 1071; x_wconf 82' lang='grc' dir='ltr'><strong><em>γε</em></strong></span> <span class='ocrx_word' id='word_1_102' title='bbox 1361 1019 1548 1062; x_wconf 82' lang='grc' dir='ltr'><strong><em>ἀκοῦσαι</em></strong></span> 
     </span>
     <span class='ocr_line' id='line_1_16' title="bbox 229 1086 1354 1143; baseline -0.004 -12"><span class='ocrx_word' id='word_1_103' title='bbox 229 1090 317 1143; x_wconf 81' lang='grc' dir='ltr'>νῷν</span> <span class='ocrx_word' id='word_1_104' title='bbox 353 1086 524 1142; x_wconf 81' lang='grc' dir='ltr'><strong><em>πάντως</em></strong></span> <span class='ocrx_word' id='word_1_105' title='bbox 558 1102 643 1129; x_wconf 81' lang='grc' dir='ltr'>που</span> <span class='ocrx_word' id='word_1_106' title='bbox 679 1086 886 1137; x_wconf 77' lang='grc' dir='ltr'><strong><em>ξυνδοκεῖ.</em></strong></span> <span class='ocrx_word' id='word_1_107' title='bbox 1352 1103 1354 1105; x_wconf 61' lang='grc'>’</span> 
     </span>
    </p>

    <p class='ocr_par' dir='ltr' id='par_1_5' title="bbox 329 1149 1548 1214">
     <span class='ocr_line' id='line_1_17' title="bbox 329 1149 1548 1214; baseline -0.003 -18"><span class='ocrx_word' id='word_1_108' title='bbox 329 1152 439 1214; x_wconf 85' lang='lat' dir='ltr'>Cap.</span> <span class='ocrx_word' id='word_1_109' title='bbox 477 1149 636 1196; x_wconf 85' lang='lat' dir='ltr'>XXII.</span> <span class='ocrx_word' id='word_1_110' title='bbox 706 1153 801 1195; x_wconf 83' lang='grc' dir='ltr'>ΑΘ.</span> <span class='ocrx_word' id='word_1_111' title='bbox 867 1149 1107 1206; x_wconf 80' lang='grc' dir='ltr'><strong><em>Ἀκούωμεν</em></strong></span> <span class='ocrx_word' id='word_1_112' title='bbox 1163 1151 1230 1202; x_wconf 84' lang='grc' dir='ltr'>ὁή.</span> <span class='ocrx_word' id='word_1_113' title='bbox 1286 1150 1548 1205; x_wconf 74' lang='grc' dir='ltr'><strong><em>θαυμάσητε</em></strong></span> 
     </span>
    </p>
   </div>
   <div class='ocr_carea' id='block_1_4' title="bbox 230 1277 1551 1362">
    <p class='ocr_par' dir='ltr' id='par_1_6' title="bbox 230 1277 1551 1362">
     <span class='ocr_line' id='line_1_18' title="bbox 318 1277 1551 1320; baseline -0.006 -4"><span class='ocrx_word' id='word_1_114' title='bbox 318 1284 358 1316; x_wconf 90' lang='lat' dir='ltr'>C.</span> <span class='ocrx_word' id='word_1_115' title='bbox 408 1281 584 1315; x_wconf 75' lang='grc' dir='ltr'><strong><em>δεδυκὸς</em></strong></span> <span class='ocrx_word' id='word_1_116' title='bbox 617 1281 686 1310; x_wconf 77' lang='grc' dir='ltr'>καὶ</span> <span class='ocrx_word' id='word_1_117' title='bbox 718 1277 941 1311; x_wconf 68' lang='grc' dir='ltr'><strong><em>σκοτεινόν</em></strong></span> <span class='ocrx_word' id='word_1_118' title='bbox 974 1279 1022 1320; x_wconf 88' lang='grc' dir='ltr'>ζ.]</span> <span class='ocrx_word' id='word_1_119' title='bbox 1058 1283 1094 1312; x_wconf 85' lang='lat' dir='ltr'>V.</span> <span class='ocrx_word' id='word_1_120' title='bbox 1120 1279 1281 1316; x_wconf 71' lang='grc' dir='ltr'>ὃεδοικιίς.</span> <span class='ocrx_word' id='word_1_121' title='bbox 1331 1279 1551 1311; x_wconf 74' lang='lat' dir='ltr'>correximus</span> 
     </span>
     <span class='ocr_line' id='line_1_19' title="bbox 230 1324 1431 1362; baseline -0.005 0"><span class='ocrx_word' id='word_1_122' title='bbox 230 1340 304 1362; x_wconf 69' lang='lat' dir='ltr'>eum</span> <span class='ocrx_word' id='word_1_123' title='bbox 332 1329 490 1361; x_wconf 79' lang='lat' dir='ltr'>Bekkero</span> <span class='ocrx_word' id='word_1_124' title='bbox 515 1338 556 1360; x_wconf 84' lang='lat' dir='ltr'>ex</span> <span class='ocrx_word' id='word_1_125' title='bbox 588 1327 662 1358; x_wconf 77' lang='lat' dir='ltr'>Par.</span> <span class='ocrx_word' id='word_1_126' title='bbox 689 1329 726 1358; x_wconf 84' lang='grc' dir='ltr'>Α.</span> <span class='ocrx_word' id='word_1_127' title='bbox 752 1325 841 1357; x_wconf 84' lang='lat' dir='ltr'>unde</span> <span class='ocrx_word' id='word_1_128' title='bbox 867 1329 979 1357; x_wconf 84' lang='lat' dir='ltr'>tamen</span> <span class='ocrx_word' id='word_1_129' title='bbox 1007 1325 1143 1357; x_wconf 70' lang='lat' dir='ltr'>uastius</span> <span class='ocrx_word' id='word_1_130' title='bbox 1169 1324 1245 1356; x_wconf 74' lang='lat' dir='ltr'>nihil</span> <span class='ocrx_word' id='word_1_131' title='bbox 1271 1326 1431 1357; x_wconf 78' lang='lat' dir='ltr'>enotavit.</span> 
     </span>
    </p>
   </div>
   <div class='ocr_carea' id='block_1_5' title="bbox 927 1433 1550 1528">
    <p class='ocr_par' dir='ltr' id='par_1_7' title="bbox 927 1433 1550 1528">
     <span class='ocr_line' id='line_1_20' title="bbox 928 1433 1550 1476; baseline -0.002 -9"><span class='ocrx_word' id='word_1_132' title='bbox 928 1446 1000 1468; x_wconf 87' lang='lat' dir='ltr'>rus</span> <span class='ocrx_word' id='word_1_133' title='bbox 1033 1435 1166 1467; x_wconf 82' lang='lat' dir='ltr'>refinxit</span> <span class='ocrx_word' id='word_1_134' title='bbox 1202 1433 1285 1476; x_wconf 79' lang='grc' dir='ltr'>ὅήερ</span> <span class='ocrx_word' id='word_1_135' title='bbox 1321 1434 1425 1467; x_wconf 56' lang='lat' dir='ltr'>dm</span> <span class='ocrx_word' id='word_1_136' title='bbox 1479 1433 1550 1466; x_wconf 88' lang='lat' dir='ltr'>Sed</span> 
     </span>
     <span class='ocr_line' id='line_1_21' title="bbox 927 1480 1550 1528; baseline -0.005 -15"><span class='ocrx_word' id='word_1_137' title='bbox 927 1481 1012 1528; x_wconf 70' lang='grc' dir='ltr'><strong><em>ὅπερ</em></strong></span> <span class='ocrx_word' id='word_1_138' title='bbox 1035 1480 1133 1512; x_wconf 79' lang='grc' dir='ltr'><strong><em>εἷπον</em></strong></span> <span class='ocrx_word' id='word_1_139' title='bbox 1157 1489 1271 1512; x_wconf 85' lang='lat' dir='ltr'>verum</span> <span class='ocrx_word' id='word_1_140' title='bbox 1297 1489 1374 1512; x_wconf 84' lang='lat' dir='ltr'>esse</span> <span class='ocrx_word' id='word_1_141' title='bbox 1397 1489 1463 1510; x_wconf 87' lang='lat' dir='ltr'>non</span> <span class='ocrx_word' id='word_1_142' title='bbox 1490 1488 1550 1520; x_wconf 86' lang='lat' dir='ltr'>pu-</span> 
     </span>
    </p>
   </div>
   <div class='ocr_carea' id='block_1_6' title="bbox 229 1437 860 1528">
    <p class='ocr_par' dir='ltr' id='par_1_8' title="bbox 229 1437 860 1528">
     <span class='ocr_line' id='line_1_22' title="bbox 229 1437 860 1482; baseline -0.01 -9"><span class='ocrx_word' id='word_1_143' title='bbox 229 1441 389 1482; x_wconf 74' lang='lat' dir='ltr'>patulo</span> <span class='ocrx_word' id='word_1_144' title='bbox 416 1437 590 1482; x_wconf 55' lang='lat' dir='ltr'>posita..⁴</span> <span class='ocrx_word' id='word_1_145' title='bbox 618 1437 730 1472; x_wconf 79' lang='lat' dir='ltr'>Quam</span> <span class='ocrx_word' id='word_1_146' title='bbox 758 1437 860 1469; x_wconf 85' lang='lat' dir='ltr'>ratio-</span> 
     </span>
     <span class='ocr_line' id='line_1_23' title="bbox 230 1483 860 1528; baseline -0.006 -9"><span class='ocrx_word' id='word_1_147' title='bbox 230 1497 304 1519; x_wconf 90' lang='lat' dir='ltr'>nem</span> <span class='ocrx_word' id='word_1_148' title='bbox 346 1486 419 1528; x_wconf 83' lang='lat' dir='ltr'>ipsa</span> <span class='ocrx_word' id='word_1_149' title='bbox 460 1485 642 1517; x_wconf 87' lang='lat' dir='ltr'>verborum</span> <span class='ocrx_word' id='word_1_150' title='bbox 679 1483 860 1516; x_wconf 83' lang='lat' dir='ltr'>collocatio</span> 
     </span>
    </p>
   </div>
   <div class='ocr_carea' id='block_1_7' title="bbox 740 356 1586 415">
    <p class='ocr_par' dir='ltr' id='par_1_9' title="bbox 740 356 1586 415">
     <span class='ocr_line' id='line_1_24' title="bbox 740 356 1586 415; baseline 0.002 -15"><span class='ocrx_word' id='word_1_151' title='bbox 740 357 900 401; x_wconf 81' lang='grc' dir='ltr'><strong><em>τούτου</em></strong></span> <span class='ocrx_word' id='word_1_152' title='bbox 946 357 1031 414; x_wconf 80' lang='grc' dir='ltr'>γὰρ</span> <span class='ocrx_word' id='word_1_153' title='bbox 1076 359 1155 402; x_wconf 81' lang='grc' dir='ltr'>οὐκ</span> <span class='ocrx_word' id='word_1_154' title='bbox 1189 363 1304 401; x_wconf 74' lang='grc' dir='ltr'><strong><em>ἔστιν</em></strong></span> <span class='ocrx_word' id='word_1_155' title='bbox 1339 357 1361 401; x_wconf 84' lang='grc' dir='ltr'><strong>ὅ</strong></span> <span class='ocrx_word' id='word_1_156' title='bbox 1401 376 1440 401; x_wconf 87' lang='grc' dir='ltr'>τι</span> <span class='ocrx_word' id='word_1_157' title='bbox 1470 377 1549 415; x_wconf 86' lang='grc' dir='ltr'>χα-</span> <span class='ocrx_word' id='word_1_158' title='bbox 1582 356 1586 364; x_wconf 71' lang='grc'><strong>“</strong></span> 
     </span>
    </p>
   </div>
   <div class='ocr_carea' id='block_1_8' title="bbox 229 1530 861 1710">
    <p class='ocr_par' dir='ltr' id='par_1_10' title="bbox 229 1530 861 1710">
     <span class='ocr_line' id='line_1_25' title="bbox 229 1530 861 1571; baseline -0.006 -8"><span class='ocrx_word' id='word_1_159' title='bbox 229 1531 361 1565; x_wconf 86' lang='lat' dir='ltr'><strong>suadet.</strong></span> <span class='ocrx_word' id='word_1_160' title='bbox 385 1534 410 1564; x_wconf 83' lang='lat' dir='ltr'>A</span> <span class='ocrx_word' id='word_1_161' title='bbox 423 1531 531 1563; x_wconf 84' lang='lat' dir='ltr'>stius</span> <span class='ocrx_word' id='word_1_162' title='bbox 548 1534 628 1570; x_wconf 82' lang='lat' dir='ltr'>post</span> <span class='ocrx_word' id='word_1_163' title='bbox 645 1530 861 1571; x_wconf 69' lang='grc' dir='ltr'><strong><em>θεωρεῖσθαι</em></strong></span> 
     </span>
     <span class='ocr_line' id='line_1_26' title="bbox 229 1576 859 1617; baseline -0.008 -8"><span class='ocrx_word' id='word_1_164' title='bbox 229 1577 398 1609; x_wconf 73' lang='lat' dir='ltr'>excidisse</span> <span class='ocrx_word' id='word_1_165' title='bbox 459 1576 603 1617; x_wconf 77' lang='lat' dir='ltr'>putabat</span> <span class='ocrx_word' id='word_1_166' title='bbox 665 1576 859 1612; x_wconf 81' lang='grc' dir='ltr'><strong><em>ποιεῖσθαι,</em></strong></span> 
     </span>
     <span class='ocr_line' id='line_1_27' title="bbox 230 1621 857 1661; baseline -0.008 -7"><span class='ocrx_word' id='word_1_167' title='bbox 230 1623 426 1654; x_wconf 77' lang='lat' dir='ltr'>coniectura</span> <span class='ocrx_word' id='word_1_168' title='bbox 453 1621 541 1653; x_wconf 83' lang='lat' dir='ltr'>inani</span> <span class='ocrx_word' id='word_1_169' title='bbox 568 1628 706 1661; x_wconf 88' lang='lat' dir='ltr'>prorsus</span> <span class='ocrx_word' id='word_1_170' title='bbox 736 1629 776 1650; x_wconf 87' lang='lat' dir='ltr'>ac</span> <span class='ocrx_word' id='word_1_171' title='bbox 801 1628 857 1649; x_wconf 90' lang='lat' dir='ltr'>su-</span> 
     </span>
     <span class='ocr_line' id='line_1_28' title="bbox 229 1677 451 1710; baseline -0.009 -10"><span class='ocrx_word' id='word_1_172' title='bbox 229 1677 451 1710; x_wconf 84' lang='lat' dir='ltr'>pervacauea.</span> 
     </span>
    </p>
   </div>
   <div class='ocr_carea' id='block_1_9' title="bbox 229 1729 865 2546">
    <p class='ocr_par' dir='ltr' id='par_1_11' title="bbox 229 1729 865 2540">
     <span class='ocr_line' id='line_1_29' title="bbox 275 1729 858 1776; baseline -0.009 -9"><span class='ocrx_word' id='word_1_173' title='bbox 275 1735 528 1776; x_wconf 73' lang='grc' dir='ltr'><strong><em>εἰθισμένον</em></strong></span> <span class='ocrx_word' id='word_1_174' title='bbox 558 1731 637 1774; x_wconf 62' lang='lat' dir='ltr'>yde</span> <span class='ocrx_word' id='word_1_175' title='bbox 677 1729 858 1766; x_wconf 75' lang='grc' dir='ltr'><strong><em>δεδυκὸς</em></strong></span> 
     </span>
     <span class='ocr_line' id='line_1_30' title="bbox 231 1777 857 1821; baseline -0.008 -9"><span class='ocrx_word' id='word_1_176' title='bbox 231 1800 272 1804; x_wconf 89' lang='grc'><strong>-</strong></span> <span class='ocrx_word' id='word_1_177' title='bbox 306 1777 580 1821; x_wconf 75' lang='grc' dir='ltr'><strong><em>νομοθέτου]</em></strong></span> <span class='ocrx_word' id='word_1_178' title='bbox 618 1787 706 1809; x_wconf 81' lang='lat' dir='ltr'>nam</span> <span class='ocrx_word' id='word_1_179' title='bbox 738 1786 857 1817; x_wconf 84' lang='lat' dir='ltr'>quum</span> 
     </span>
     <span class='ocr_line' id='line_1_31' title="bbox 231 1824 860 1863; baseline -0.008 -5"><span class='ocrx_word' id='word_1_180' title='bbox 231 1827 374 1858; x_wconf 80' lang='lat' dir='ltr'><strong>soleat</strong></span> <span class='ocrx_word' id='word_1_181' title='bbox 421 1826 459 1856; x_wconf 92' lang='lat' dir='ltr'>in</span> <span class='ocrx_word' id='word_1_182' title='bbox 506 1824 682 1856; x_wconf 83' lang='lat' dir='ltr'>occulto</span> <span class='ocrx_word' id='word_1_183' title='bbox 730 1826 860 1863; x_wconf 87' lang='lat' dir='ltr'>atque</span> 
     </span>
     <span class='ocr_line' id='line_1_32' title="bbox 231 1867 859 1909; baseline -0.01 -5"><span class='ocrx_word' id='word_1_184' title='bbox 231 1871 429 1904; x_wconf 82' lang='lat' dir='ltr'>tenebris</span> <span class='ocrx_word' id='word_1_185' title='bbox 454 1870 585 1901; x_wconf 86' lang='lat' dir='ltr'>vitam</span> <span class='ocrx_word' id='word_1_186' title='bbox 613 1867 773 1909; x_wconf 82' lang='lat' dir='ltr'>degere</span> <span class='ocrx_word' id='word_1_187' title='bbox 798 1872 859 1899; x_wconf 83' lang='lat' dir='ltr'>etr.</span> 
     </span>
     <span class='ocr_line' id='line_1_33' title="bbox 230 1913 862 1955; baseline -0.006 -7"><span class='ocrx_word' id='word_1_188' title='bbox 230 1917 300 1950; x_wconf 90' lang='lat' dir='ltr'>Pro</span> <span class='ocrx_word' id='word_1_189' title='bbox 329 1914 471 1952; x_wconf 76' lang='grc' dir='ltr'><strong><em>δεδυκός</em></strong></span> <span class='ocrx_word' id='word_1_190' title='bbox 507 1915 607 1955; x_wconf 81' lang='lat' dir='ltr'>vulgo</span> <span class='ocrx_word' id='word_1_191' title='bbox 646 1913 862 1946; x_wconf 79' lang='lat' dir='ltr'>scribebatur</span> 
     </span>
     <span class='ocr_line' id='line_1_34' title="bbox 230 1958 859 2002; baseline -0.008 -8"><span class='ocrx_word' id='word_1_192' title='bbox 230 1960 400 1997; x_wconf 78' lang='grc' dir='ltr'>δεδωκάς.</span> <span class='ocrx_word' id='word_1_193' title='bbox 435 1961 521 2002; x_wconf 79' lang='lat' dir='ltr'>Rep.</span> <span class='ocrx_word' id='word_1_194' title='bbox 557 1958 615 1991; x_wconf 91' lang='lat' dir='ltr'>lX.</span> <span class='ocrx_word' id='word_1_195' title='bbox 649 1969 680 2001; x_wconf 90' lang='lat' dir='ltr'>p.</span> <span class='ocrx_word' id='word_1_196' title='bbox 712 1958 790 1993; x_wconf 83' lang='lat'>579.</span> <span class='ocrx_word' id='word_1_197' title='bbox 821 1958 859 1990; x_wconf 88' lang='lat' dir='ltr'>B.</span> 
     </span>
     <span class='ocr_line' id='line_1_35' title="bbox 231 2003 861 2050; baseline -0.008 -10"><span class='ocrx_word' id='word_1_198' title='bbox 231 2008 274 2040; x_wconf 91' lang='lat' dir='ltr'>de</span> <span class='ocrx_word' id='word_1_199' title='bbox 304 2013 465 2050; x_wconf 79' lang='lat' dir='ltr'><strong>tyranno:</strong></span> <span class='ocrx_word' id='word_1_200' title='bbox 499 2003 732 2040; x_wconf 74' lang='grc' dir='ltr'><strong><em>καταδεδυκὼς</em></strong></span> <span class='ocrx_word' id='word_1_201' title='bbox 765 2004 799 2035; x_wconf 77' lang='grc' dir='ltr'>δὲ</span> <span class='ocrx_word' id='word_1_202' title='bbox 828 2004 861 2035; x_wconf 77' lang='grc' dir='ltr'><strong><em>ἐν</em></strong></span> 
     </span>
     <span class='ocr_line' id='line_1_36' title="bbox 229 2047 860 2094; baseline -0.01 -9"><span class='ocrx_word' id='word_1_203' title='bbox 229 2056 270 2094; x_wconf 86' lang='grc' dir='ltr'>τῇ</span> <span class='ocrx_word' id='word_1_204' title='bbox 295 2053 386 2093; x_wconf 72' lang='grc' dir='ltr'><strong><em>οἰκίᾳ</em></strong></span> <span class='ocrx_word' id='word_1_205' title='bbox 410 2050 450 2083; x_wconf 75' lang='grc' dir='ltr'>τὰ</span> <span class='ocrx_word' id='word_1_206' title='bbox 479 2049 584 2082; x_wconf 76' lang='grc' dir='ltr'><strong><em>πολλὰ</em></strong></span> <span class='ocrx_word' id='word_1_207' title='bbox 612 2048 661 2087; x_wconf 76' lang='grc' dir='ltr'>ὥς</span> <span class='ocrx_word' id='word_1_208' title='bbox 683 2047 783 2091; x_wconf 77' lang='grc' dir='ltr'><strong><em>γυνὴ</em></strong></span> <span class='ocrx_word' id='word_1_209' title='bbox 811 2048 860 2090; x_wconf 85' lang='grc' dir='ltr'>ζῇ</span> 
     </span>
     <span class='ocr_line' id='line_1_37' title="bbox 229 2094 860 2138; baseline -0.01 -7"><span class='ocrx_word' id='word_1_210' title='bbox 229 2100 321 2131; x_wconf 89' lang='lat' dir='ltr'>unde</span> <span class='ocrx_word' id='word_1_211' title='bbox 347 2096 599 2138; x_wconf 76' lang='lat' dir='ltr'>Stephanus</span> <span class='ocrx_word' id='word_1_212' title='bbox 625 2094 688 2127; x_wconf 85' lang='lat' dir='ltr'>hoc</span> <span class='ocrx_word' id='word_1_213' title='bbox 707 2096 783 2126; x_wconf 75' lang='lat' dir='ltr'>loco</span> <span class='ocrx_word' id='word_1_214' title='bbox 799 2106 860 2125; x_wconf 78' lang='grc' dir='ltr'>κα-</span> 
     </span>
     <span class='ocr_line' id='line_1_38' title="bbox 229 2140 861 2183; baseline -0.006 -7"><span class='ocrx_word' id='word_1_215' title='bbox 229 2140 417 2179; x_wconf 80' lang='grc' dir='ltr'><strong><em>ταδεδυκός</em></strong></span> <span class='ocrx_word' id='word_1_216' title='bbox 441 2140 623 2183; x_wconf 86' lang='lat' dir='ltr'>legendum</span> <span class='ocrx_word' id='word_1_217' title='bbox 647 2140 861 2173; x_wconf 83' lang='lat' dir='ltr'>coniiciebat.</span> 
     </span>
     <span class='ocr_line' id='line_1_39' title="bbox 231 2185 863 2231; baseline -0.006 -10"><span class='ocrx_word' id='word_1_218' title='bbox 231 2190 272 2221; x_wconf 94' lang='lat' dir='ltr'>In</span> <span class='ocrx_word' id='word_1_219' title='bbox 311 2188 478 2231; x_wconf 85' lang='lat' dir='ltr'>proximis</span> <span class='ocrx_word' id='word_1_220' title='bbox 520 2186 671 2217; x_wconf 87' lang='lat' dir='ltr'>Astius</span> <span class='ocrx_word' id='word_1_221' title='bbox 709 2185 740 2216; x_wconf 79' lang='grc' dir='ltr'>δ’</span> <span class='ocrx_word' id='word_1_222' title='bbox 782 2190 863 2227; x_wconf 85' lang='lat' dir='ltr'>post</span> 
     </span>
     <span class='ocr_line' id='line_1_40' title="bbox 231 2231 862 2276; baseline -0.003 -10"><span class='ocrx_word' id='word_1_223' title='bbox 231 2232 398 2276; x_wconf 74' lang='grc' dir='ltr'><strong><em>ἀγόμενον</em></strong></span> <span class='ocrx_word' id='word_1_224' title='bbox 420 2231 637 2267; x_wconf 74' lang='lat' dir='ltr'>exterminari</span> <span class='ocrx_word' id='word_1_225' title='bbox 663 2232 766 2263; x_wconf 85' lang='lat' dir='ltr'>iubet.</span> <span class='ocrx_word' id='word_1_226' title='bbox 794 2231 862 2264; x_wconf 85' lang='lat' dir='ltr'>Sed</span> 
     </span>
     <span class='ocr_line' id='line_1_41' title="bbox 232 2277 862 2320; baseline -0.005 -8"><span class='ocrx_word' id='word_1_227' title='bbox 232 2289 300 2312; x_wconf 90' lang='lat' dir='ltr'>non</span> <span class='ocrx_word' id='word_1_228' title='bbox 331 2283 385 2311; x_wconf 78' lang='lat' dir='ltr'>est</span> <span class='ocrx_word' id='word_1_229' title='bbox 414 2287 501 2320; x_wconf 80' lang='lat' dir='ltr'>opus</span> <span class='ocrx_word' id='word_1_230' title='bbox 539 2277 739 2310; x_wconf 80' lang='lat' dir='ltr'>mutatione.</span> <span class='ocrx_word' id='word_1_231' title='bbox 795 2277 862 2309; x_wconf 89' lang='lat' dir='ltr'>Co—</span> 
     </span>
     <span class='ocr_line' id='line_1_42' title="bbox 232 2319 865 2358; baseline -0.008 0"><span class='ocrx_word' id='word_1_232' title='bbox 232 2325 374 2358; x_wconf 86' lang='lat' dir='ltr'>haerent</span> <span class='ocrx_word' id='word_1_233' title='bbox 415 2324 502 2356; x_wconf 83' lang='lat' dir='ltr'>enim</span> <span class='ocrx_word' id='word_1_234' title='bbox 539 2319 623 2354; x_wconf 86' lang='lat' dir='ltr'>haec</span> <span class='ocrx_word' id='word_1_235' title='bbox 654 2332 730 2354; x_wconf 86' lang='lat' dir='ltr'>cum</span> <span class='ocrx_word' id='word_1_236' title='bbox 767 2327 865 2354; x_wconf 89' lang='lat' dir='ltr'>ante-</span> 
     </span>
     <span class='ocr_line' id='line_1_43' title="bbox 233 2367 862 2413; baseline -0.007 -10"><span class='ocrx_word' id='word_1_237' title='bbox 233 2371 363 2413; x_wconf 78' lang='lat' dir='ltr'>gressis</span> <span class='ocrx_word' id='word_1_238' title='bbox 388 2368 499 2401; x_wconf 81' lang='lat' dir='ltr'>hunc&#39;</span> <span class='ocrx_word' id='word_1_239' title='bbox 490 2377 522 2400; x_wconf 86' lang='lat' dir='ltr'>m</span> <span class='ocrx_word' id='word_1_240' title='bbox 542 2367 697 2406; x_wconf 82' lang='lat' dir='ltr'>modum:</span> <span class='ocrx_word' id='word_1_241' title='bbox 723 2378 862 2409; x_wconf 89' lang='lat' dir='ltr'>quum—</span> 
     </span>
     <span class='ocr_line' id='line_1_44' title="bbox 236 2414 861 2458; baseline -0.005 -10"><span class='ocrx_word' id='word_1_242' title='bbox 236 2426 329 2458; x_wconf 88' lang='lat' dir='ltr'>que·</span> <span class='ocrx_word' id='word_1_243' title='bbox 357 2414 396 2447; x_wconf 88' lang='lat' dir='ltr'>vi</span> <span class='ocrx_word' id='word_1_244' title='bbox 436 2415 474 2446; x_wconf 90' lang='lat' dir='ltr'>in</span> <span class='ocrx_word' id='word_1_245' title='bbox 515 2414 655 2445; x_wconf 85' lang='lat' dir='ltr'>lucem</span> <span class='ocrx_word' id='word_1_246' title='bbox 694 2418 861 2454; x_wconf 87' lang='lat' dir='ltr'>protra-</span> 
     </span>
     <span class='ocr_line' id='line_1_45' title="bbox 234 2458 861 2500; baseline -0.006 -6"><span class='ocrx_word' id='word_1_247' title='bbox 234 2465 352 2494; x_wconf 85' lang='lat' dir='ltr'>ctum</span> <span class='ocrx_word' id='word_1_248' title='bbox 385 2458 581 2493; x_wconf 86' lang='lat' dir='ltr'>omnibus</span> <span class='ocrx_word' id='word_1_249' title='bbox 610 2459 774 2500; x_wconf 85' lang='lat' dir='ltr'>opibus</span> <span class='ocrx_word' id='word_1_250' title='bbox 802 2469 861 2491; x_wconf 87' lang='lat' dir='ltr'>re-</span> 
     </span>
     <span class='ocr_line' id='line_1_46' title="bbox 234 2509 568 2546; baseline -0.015 -6"><span class='ocrx_word' id='word_1_251' title='bbox 234 2509 453 2546; x_wconf 81' lang='lat' dir='ltr'>luctetur,</span> <span class='ocrx_word' id='word_1_252' title='bbox 477 2509 538 2537; x_wconf 85' lang='lat' dir='ltr'>ctr.</span> <span class='ocrx_word' id='word_1_253' title='bbox 565 2514 568 2517; x_wconf 82' lang='grc'>’</span> 
     </span>
    </p>
   </div>
   <div class='ocr_carea' id='block_1_10' title="bbox 229 2566 861 2706">
    <p class='ocr_par' dir='ltr' id='par_1_12' title="bbox 235 2566 861 2706">
     <span class='ocr_line' id='line_1_47' title="bbox 279 2566 861 2616; baseline -0.007 -11"><span class='ocrx_word' id='word_1_254' title='bbox 279 2572 441 2605; x_wconf 73' lang='grc' dir='ltr'><strong><em>ἄλλοθι</em></strong></span> <span class='ocrx_word' id='word_1_255' title='bbox 465 2575 555 2614; x_wconf 74' lang='grc' dir='ltr'><strong><em>μέν,</em></strong></span> <span class='ocrx_word' id='word_1_256' title='bbox 579 2572 691 2616; x_wconf 77' lang='grc' dir='ltr'><strong><em>ᾗπερ</em></strong></span> <span class='ocrx_word' id='word_1_257' title='bbox 715 2566 861 2612; x_wconf 57' lang='lat' dir='ltr'>elnon]</span> 
     </span>
     <span class='ocr_line' id='line_1_48' title="bbox 229 2606 861 2671; baseline -0.005 -20.961"><span class='ocrx_word' id='word_1_258' title='bbox 229 2620 346 2671; x_wconf 78' lang='lat' dir='ltr'>Vulgo</span> <span class='ocrx_word' id='word_1_259' title='bbox 377 2612 462 2660; x_wconf 75' lang='grc' dir='ltr'><strong><em>ᾗπερ</em></strong></span> <span class='ocrx_word' id='word_1_260' title='bbox 495 2606 717 2651; x_wconf 75' lang='lat' dir='ltr'>scribebatur.</span> <span class='ocrx_word' id='word_1_261' title='bbox 750 2615 861 2648; x_wconf 88' lang='lat' dir='ltr'>Codd.</span> 
     </span>
     <span class='ocr_line' id='line_1_49' title="bbox 229 2660 860 2706; baseline -0.003 -9.981"><span class='ocrx_word' id='word_1_262' title='bbox 229 2660 385 2706; x_wconf 75' lang='lat' dir='ltr'>&#39;plerique</span> <span class='ocrx_word' id='word_1_263' title='bbox 415 2661 526 2706; x_wconf 75' lang='grc' dir='ltr'><strong><em>οἷπερ</em></strong></span> <span class='ocrx_word' id='word_1_264' title='bbox 580 2661 662 2696; x_wconf 87' lang='lat' dir='ltr'>lnde</span> <span class='ocrx_word' id='word_1_265' title='bbox 704 2661 860 2695; x_wconf 68' lang='lat' dir='ltr'>Bekke-</span> 
     </span>
    </p>
   </div>
   <div class='ocr_carea' id='block_1_11' title="bbox 921 1519 1552 2692">
    <p class='ocr_par' dir='ltr' id='par_1_13' title="bbox 924 1519 1552 2157">
     <span class='ocr_line' id='line_1_50' title="bbox 927 1519 1551 1566; baseline -0.005 -7"><span class='ocrx_word' id='word_1_266' title='bbox 927 1533 1050 1559; x_wconf 83' lang='lat' dir='ltr'>tamus.</span> <span class='ocrx_word' id='word_1_267' title='bbox 1097 1519 1251 1557; x_wconf 80' lang='lat' dir='ltr'>Debebat</span> <span class='ocrx_word' id='word_1_268' title='bbox 1281 1526 1368 1557; x_wconf 85' lang='lat' dir='ltr'>enim</span> <span class='ocrx_word' id='word_1_269' title='bbox 1398 1524 1464 1556; x_wconf 83' lang='lat' dir='ltr'>dici</span> <span class='ocrx_word' id='word_1_270' title='bbox 1490 1534 1551 1566; x_wconf 89' lang='lat' dir='ltr'>po-</span> 
     </span>
     <span class='ocr_line' id='line_1_51' title="bbox 927 1569 1550 1613; baseline -0.007 -9"><span class='ocrx_word' id='word_1_271' title='bbox 927 1573 1010 1604; x_wconf 84' lang='lat' dir='ltr'>tius:</span> <span class='ocrx_word' id='word_1_272' title='bbox 1038 1569 1122 1613; x_wconf 74' lang='grc' dir='ltr'><strong><em>ἶίπερ</em></strong></span> <span class='ocrx_word' id='word_1_273' title='bbox 1148 1571 1248 1611; x_wconf 71' lang='grc' dir='ltr'><strong><em>λέγω,</em></strong></span> <span class='ocrx_word' id='word_1_274' title='bbox 1283 1571 1357 1602; x_wconf 89' lang='lat' dir='ltr'>wie</span> <span class='ocrx_word' id='word_1_275' title='bbox 1386 1576 1550 1611; x_wconf 81' lang='lat' dir='ltr'>gesagt‚</span> 
     </span>
     <span class='ocr_line' id='line_1_52' title="bbox 926 1614 1551 1658; baseline -0.005 -9"><span class='ocrx_word' id='word_1_276' title='bbox 926 1628 1013 1658; x_wconf 82' lang='lat' dir='ltr'>quae</span> <span class='ocrx_word' id='word_1_277' title='bbox 1036 1617 1184 1648; x_wconf 77' lang='lat' dir='ltr'>formula</span> <span class='ocrx_word' id='word_1_278' title='bbox 1208 1614 1286 1647; x_wconf 85' lang='lat' dir='ltr'>addi</span> <span class='ocrx_word' id='word_1_279' title='bbox 1302 1616 1403 1654; x_wconf 83' lang='lat' dir='ltr'>solet,</span> <span class='ocrx_word' id='word_1_280' title='bbox 1428 1614 1484 1646; x_wconf 90' lang='lat' dir='ltr'>ubi</span> <span class='ocrx_word' id='word_1_281' title='bbox 1510 1615 1551 1646; x_wconf 88' lang='lat' dir='ltr'>ad</span> 
     </span>
     <span class='ocr_line' id='line_1_53' title="bbox 925 1661 1551 1700; baseline -0.005 -6"><span class='ocrx_word' id='word_1_282' title='bbox 925 1661 1126 1694; x_wconf 85' lang='lat' dir='ltr'>sententiam</span> <span class='ocrx_word' id='word_1_283' title='bbox 1165 1661 1309 1700; x_wconf 80' lang='lat' dir='ltr'>aliquam</span> <span class='ocrx_word' id='word_1_284' title='bbox 1349 1661 1416 1692; x_wconf 82' lang='lat' dir='ltr'>iam</span> <span class='ocrx_word' id='word_1_285' title='bbox 1451 1664 1551 1692; x_wconf 84' lang='lat' dir='ltr'>antea</span> 
     </span>
     <span class='ocr_line' id='line_1_54' title="bbox 924 1706 1551 1746; baseline -0.005 -7"><span class='ocrx_word' id='word_1_286' title='bbox 924 1712 1102 1739; x_wconf 82' lang='lat' dir='ltr'>tractatam</span> <span class='ocrx_word' id='word_1_287' title='bbox 1126 1706 1315 1746; x_wconf 79' lang='lat' dir='ltr'>respicitur.</span> <span class='ocrx_word' id='word_1_288' title='bbox 1338 1716 1370 1736; x_wconf 83' lang='lat' dir='ltr'>v.</span> <span class='ocrx_word' id='word_1_289' title='bbox 1396 1706 1493 1746; x_wconf 85' lang='lat' dir='ltr'>Apol.</span> <span class='ocrx_word' id='word_1_290' title='bbox 1519 1715 1551 1746; x_wconf 91' lang='lat' dir='ltr'>p.</span> 
     </span>
     <span class='ocr_line' id='line_1_55' title="bbox 924 1750 1550 1791; baseline -0.008 -5"><span class='ocrx_word' id='word_1_291' title='bbox 924 1754 982 1786; x_wconf 80' lang='lat'>21.</span> <span class='ocrx_word' id='word_1_292' title='bbox 1008 1755 1053 1784; x_wconf 92' lang='lat' dir='ltr'>A.</span> <span class='ocrx_word' id='word_1_293' title='bbox 1079 1751 1133 1786; x_wconf 82' lang='lat'>17.</span> <span class='ocrx_word' id='word_1_294' title='bbox 1160 1750 1198 1782; x_wconf 86' lang='lat' dir='ltr'>C.</span> <span class='ocrx_word' id='word_1_295' title='bbox 1224 1750 1352 1782; x_wconf 76' lang='lat' dir='ltr'>phaed.</span> <span class='ocrx_word' id='word_1_296' title='bbox 1381 1761 1412 1791; x_wconf 82' lang='grc' dir='ltr'>ρ.</span> <span class='ocrx_word' id='word_1_297' title='bbox 1426 1750 1483 1785; x_wconf 85' lang='grc'>58.</span> <span class='ocrx_word' id='word_1_298' title='bbox 1511 1753 1550 1782; x_wconf 79' lang='lat' dir='ltr'>A.</span> 
     </span>
     <span class='ocr_line' id='line_1_56' title="bbox 927 1795 1550 1837; baseline -0.003 -8"><span class='ocrx_word' id='word_1_299' title='bbox 927 1798 966 1830; x_wconf 86' lang='lat' dir='ltr'>C.</span> <span class='ocrx_word' id='word_1_300' title='bbox 992 1798 1133 1837; x_wconf 78' lang='lat' dir='ltr'>Protag.</span> <span class='ocrx_word' id='word_1_301' title='bbox 1160 1807 1192 1837; x_wconf 70' lang='lat' dir='ltr'>p.</span> <span class='ocrx_word' id='word_1_302' title='bbox 1211 1796 1288 1829; x_wconf 86' lang='lat'>316.</span> <span class='ocrx_word' id='word_1_303' title='bbox 1305 1795 1350 1826; x_wconf 94' lang='lat' dir='ltr'>D.</span> <span class='ocrx_word' id='word_1_304' title='bbox 1369 1795 1408 1827; x_wconf 83' lang='lat' dir='ltr'>E.</span> <span class='ocrx_word' id='word_1_305' title='bbox 1433 1796 1550 1837; x_wconf 89' lang='lat' dir='ltr'>Symp.</span> 
     </span>
     <span class='ocr_line' id='line_1_57' title="bbox 929 1840 1550 1886; baseline -0.01 -8"><span class='ocrx_word' id='word_1_306' title='bbox 929 1844 1004 1878; x_wconf 82' lang='lat'>177.</span> <span class='ocrx_word' id='word_1_307' title='bbox 1038 1842 1077 1876; x_wconf 88' lang='grc' dir='ltr'>Ε.</span> <span class='ocrx_word' id='word_1_308' title='bbox 1109 1841 1187 1875; x_wconf 86' lang='grc'><strong>178.</strong></span> <span class='ocrx_word' id='word_1_309' title='bbox 1223 1845 1261 1873; x_wconf 83' lang='grc' dir='ltr'>Α.</span> <span class='ocrx_word' id='word_1_310' title='bbox 1298 1840 1374 1874; x_wconf 85' lang='grc'><strong>186.</strong></span> <span class='ocrx_word' id='word_1_311' title='bbox 1407 1841 1444 1872; x_wconf 82' lang='grc' dir='ltr'>Ε.</span> <span class='ocrx_word' id='word_1_312' title='bbox 1473 1841 1550 1886; x_wconf 70' lang='lat'>192.</span> 
     </span>
     <span class='ocr_line' id='line_1_58' title="bbox 926 1886 1552 1928; baseline -0.006 -6"><span class='ocrx_word' id='word_1_313' title='bbox 926 1892 967 1922; x_wconf 79' lang='lat' dir='ltr'>E.</span> <span class='ocrx_word' id='word_1_314' title='bbox 993 1889 1035 1920; x_wconf 83' lang='lat' dir='ltr'>al.</span> <span class='ocrx_word' id='word_1_315' title='bbox 1084 1888 1202 1928; x_wconf 86' lang='lat' dir='ltr'>ltaque</span> <span class='ocrx_word' id='word_1_316' title='bbox 1225 1886 1463 1928; x_wconf 81' lang='lat' dir='ltr'>corrigendum</span> <span class='ocrx_word' id='word_1_317' title='bbox 1489 1889 1552 1918; x_wconf 85' lang='grc' dir='ltr'>οὑ-</span> 
     </span>
     <span class='ocr_line' id='line_1_59' title="bbox 926 1931 1551 1975; baseline -0.007 -9"><span class='ocrx_word' id='word_1_318' title='bbox 926 1945 986 1975; x_wconf 79' lang='grc' dir='ltr'>περ</span> <span class='ocrx_word' id='word_1_319' title='bbox 1022 1934 1133 1972; x_wconf 71' lang='grc' dir='ltr'><strong><em>εἶπον,</em></strong></span> <span class='ocrx_word' id='word_1_320' title='bbox 1181 1942 1342 1973; x_wconf 84' lang='lat' dir='ltr'>quorsum</span> <span class='ocrx_word' id='word_1_321' title='bbox 1383 1931 1551 1972; x_wconf 86' lang='lat' dir='ltr'>perducit,</span> 
     </span>
     <span class='ocr_line' id='line_1_60' title="bbox 927 1974 1550 2021; baseline -0.008 -9"><span class='ocrx_word' id='word_1_322' title='bbox 927 1978 1016 2021; x_wconf 83' lang='lat' dir='ltr'>quod</span> <span class='ocrx_word' id='word_1_323' title='bbox 1054 1979 1127 2010; x_wconf 83' lang='lat' dir='ltr'>libri</span> <span class='ocrx_word' id='word_1_324' title='bbox 1163 1988 1244 2010; x_wconf 83' lang='lat' dir='ltr'>mss</span> <span class='ocrx_word' id='word_1_325' title='bbox 1280 1977 1403 2009; x_wconf 76' lang='lat' dir='ltr'>liabent</span> <span class='ocrx_word' id='word_1_326' title='bbox 1439 1974 1550 2019; x_wconf 53' lang='lat' dir='ltr'>effuse}</span> 
     </span>
     <span class='ocr_line' id='line_1_61' title="bbox 927 2020 1549 2067; baseline -0.011 -8"><span class='ocrx_word' id='word_1_327' title='bbox 927 2025 1134 2067; x_wconf 80' lang='lat' dir='ltr'>opponitur:</span> <span class='ocrx_word' id='word_1_328' title='bbox 1173 2021 1296 2054; x_wconf 71' lang='grc' dir='ltr'><strong><em>ἐνθάδε</em></strong></span> <span class='ocrx_word' id='word_1_329' title='bbox 1328 2022 1362 2053; x_wconf 76' lang='grc' dir='ltr'>δὲ</span> <span class='ocrx_word' id='word_1_330' title='bbox 1391 2022 1466 2057; x_wconf 81' lang='grc' dir='ltr'><strong><em>ισως</em></strong></span> <span class='ocrx_word' id='word_1_331' title='bbox 1496 2020 1549 2060; x_wconf 75' lang='grc' dir='ltr'><strong><em>ἄν,</em></strong></span> 
     </span>
     <span class='ocr_line' id='line_1_62' title="bbox 927 2067 1549 2108; baseline -0.01 -4"><span class='ocrx_word' id='word_1_332' title='bbox 927 2070 1085 2104; x_wconf 86' lang='lat' dir='ltr'>videlicet</span> <span class='ocrx_word' id='word_1_333' title='bbox 1112 2069 1178 2108; x_wconf 85' lang='lat' dir='ltr'>ibi,</span> <span class='ocrx_word' id='word_1_334' title='bbox 1218 2068 1285 2099; x_wconf 86' lang='lat' dir='ltr'>ubi</span> <span class='ocrx_word' id='word_1_335' title='bbox 1316 2068 1393 2099; x_wconf 87' lang='lat' dir='ltr'>iam</span> <span class='ocrx_word' id='word_1_336' title='bbox 1425 2067 1549 2099; x_wconf 88' lang='lat' dir='ltr'>insti-</span> 
     </span>
     <span class='ocr_line' id='line_1_63' title="bbox 927 2113 1353 2169; baseline -0.012 -21"><span class='ocrx_word' id='word_1_337' title='bbox 927 2121 1019 2148; x_wconf 88' lang='lat' dir='ltr'>tuta</span> <span class='ocrx_word' id='word_1_338' title='bbox 1044 2125 1090 2146; x_wconf 88' lang='lat' dir='ltr'>su</span> <span class='ocrx_word' id='word_1_339' title='bbox 1105 2119 1146 2146; x_wconf 91' lang='lat' dir='ltr'>nt</span> <span class='ocrx_word' id='word_1_340' title='bbox 1169 2113 1353 2169; x_wconf 83' lang='lat' dir='ltr'>syssitia.</span> 
     </span>
    </p>

    <p class='ocr_par' dir='ltr' id='par_1_14' title="bbox 921 2156 1551 2561">
     <span class='ocr_line' id='line_1_64' title="bbox 973 2156 1546 2202; baseline -0.012 -9"><span class='ocrx_word' id='word_1_341' title='bbox 973 2162 1013 2193; x_wconf 89' lang='lat' dir='ltr'>D.</span> <span class='ocrx_word' id='word_1_342' title='bbox 1071 2158 1204 2202; x_wconf 75' lang='grc' dir='ltr'><strong><em>λόγου</em></strong></span> <span class='ocrx_word' id='word_1_343' title='bbox 1249 2171 1270 2200; x_wconf 82' lang='lat' dir='ltr'><em>y</em></span> <span class='ocrx_word' id='word_1_344' title='bbox 1332 2156 1450 2188; x_wconf 65' lang='grc' dir='ltr'><strong><em>ἕνεκα</em></strong></span> <span class='ocrx_word' id='word_1_345' title='bbox 1495 2156 1546 2199; x_wconf 75' lang='grc' dir='ltr'>μὴ</span> 
     </span>
     <span class='ocr_line' id='line_1_65' title="bbox 928 2202 1551 2284; baseline -0.008 0"><span class='ocrx_word' id='word_1_346' title='bbox 928 2202 1551 2284; x_wconf 51' lang='lat' dir='ltr'>{issifflcefi&#39;ssfflssffus}2⁶⁸3?ss</span> 
     </span>
     <span class='ocr_line' id='line_1_66' title="bbox 921 2297 1549 2339; baseline -0.01 -9"><span class='ocrx_word' id='word_1_347' title='bbox 921 2299 1127 2339; x_wconf 79' lang='lat' dir='ltr'>frustra</span> <span class='ocrx_word' id='word_1_348' title='bbox 1179 2297 1411 2336; x_wconf 79' lang='lat' dir='ltr'>susceptam</span> <span class='ocrx_word' id='word_1_349' title='bbox 1457 2303 1549 2325; x_wconf 85' lang='lat' dir='ltr'>esse</span> 
     </span>
     <span class='ocr_line' id='line_1_67' title="bbox 929 2339 1550 2376; baseline -0.01 0"><span class='ocrx_word' id='word_1_350' title='bbox 929 2344 1033 2376; x_wconf 78' lang='lat' dir='ltr'>lianc</span> <span class='ocrx_word' id='word_1_351' title='bbox 1065 2340 1114 2373; x_wconf 89' lang='lat' dir='ltr'>de</span> <span class='ocrx_word' id='word_1_352' title='bbox 1137 2340 1340 2372; x_wconf 82' lang='lat' dir='ltr'>universa.</span> <span class='ocrx_word' id='word_1_353' title='bbox 1365 2339 1550 2371; x_wconf 88' lang='lat' dir='ltr'>civitate</span> 
     </span>
     <span class='ocr_line' id='line_1_68' title="bbox 929 2386 1550 2429; baseline -0.01 -9"><span class='ocrx_word' id='word_1_354' title='bbox 929 2386 1290 2429; x_wconf 78' lang='lat' dir='ltr'>disputationem,</span> <span class='ocrx_word' id='word_1_355' title='bbox 1338 2393 1550 2426; x_wconf 85' lang='lat' dir='ltr'>exponere</span> 
     </span>
     <span class='ocr_line' id='line_1_69' title="bbox 928 2429 1550 2470; baseline -0.01 -4"><span class='ocrx_word' id='word_1_356' title='bbox 928 2434 1060 2466; x_wconf 85' lang='lat' dir='ltr'>etiam</span> <span class='ocrx_word' id='word_1_357' title='bbox 1109 2432 1223 2469; x_wconf 88' lang='lat' dir='ltr'>volo,</span> <span class='ocrx_word' id='word_1_358' title='bbox 1271 2439 1393 2470; x_wconf 89' lang='lat' dir='ltr'>quam</span> <span class='ocrx_word' id='word_1_359' title='bbox 1444 2429 1550 2461; x_wconf 87' lang='lat' dir='ltr'>illud</span> 
     </span>
     <span class='ocr_line' id='line_1_70' title="bbox 928 2475 1549 2517; baseline -0.011 -5"><span class='ocrx_word' id='word_1_360' title='bbox 928 2480 985 2512; x_wconf 84' lang='lat' dir='ltr'>sit</span> <span class='ocrx_word' id='word_1_361' title='bbox 1032 2477 1180 2509; x_wconf 85' lang='lat' dir='ltr'>bonum</span> <span class='ocrx_word' id='word_1_362' title='bbox 1229 2480 1460 2517; x_wconf 86' lang='lat' dir='ltr'>aptumque</span> <span class='ocrx_word' id='word_1_363' title='bbox 1495 2475 1549 2506; x_wconf 90' lang='lat' dir='ltr'>in-</span> 
     </span>
     <span class='ocr_line' id='line_1_71' title="bbox 928 2521 1550 2561; baseline -0.011 -3"><span class='ocrx_word' id='word_1_364' title='bbox 928 2524 1150 2559; x_wconf 83' lang='lat' dir='ltr'>stitutum,</span> <span class='ocrx_word' id='word_1_365' title='bbox 1176 2522 1211 2552; x_wconf 79' lang='lat' dir='ltr'>si</span> <span class='ocrx_word' id='word_1_366' title='bbox 1237 2521 1358 2553; x_wconf 79' lang='lat' dir='ltr'>vobis</span> <span class='ocrx_word' id='word_1_367' title='bbox 1382 2529 1550 2561; x_wconf 84' lang='lat' dir='ltr'>quoque</span> 
     </span>
    </p>

    <p class='ocr_par' dir='ltr' id='par_1_15' title="bbox 928 2565 1549 2692">
     <span class='ocr_line' id='line_1_72' title="bbox 928 2565 1549 2613; baseline -0.012 -10.636"><span class='ocrx_word' id='word_1_368' title='bbox 928 2571 1075 2612; x_wconf 82' lang='lat' dir='ltr'>placet</span> <span class='ocrx_word' id='word_1_369' title='bbox 1106 2566 1276 2608; x_wconf 71' lang='lat' dir='ltr'>a=1dire3</span> <span class='ocrx_word' id='word_1_370' title='bbox 1306 2566 1369 2613; x_wconf 83' lang='lat' dir='ltr'>sin</span> <span class='ocrx_word' id='word_1_371' title='bbox 1404 2565 1549 2603; x_wconf 82' lang='lat' dir='ltr'>minus,</span> 
     </span>
     <span class='ocr_line' id='line_1_73' title="bbox 929 2611 1548 2652; baseline -0.01 -4"><span class='ocrx_word' id='word_1_372' title='bbox 929 2615 1037 2648; x_wconf 85' lang='lat' dir='ltr'>malo</span> <span class='ocrx_word' id='word_1_373' title='bbox 1072 2612 1214 2652; x_wconf 72' lang='grc' dir='ltr'>(ἐθέλω)</span> <span class='ocrx_word' id='word_1_374' title='bbox 1254 2621 1347 2646; x_wconf 85' lang='lat' dir='ltr'>rem</span> <span class='ocrx_word' id='word_1_375' title='bbox 1374 2611 1548 2644; x_wconf 82' lang='lat' dir='ltr'>missam</span> 
     </span>
     <span class='ocr_line' id='line_1_74' title="bbox 928 2656 1549 2692; baseline -0.01 0"><span class='ocrx_word' id='word_1_376' title='bbox 928 2661 1081 2692; x_wconf 79' lang='lat' dir='ltr'>facere.</span> <span class='ocrx_word' id='word_1_377' title='bbox 1140 2658 1236 2690; x_wconf 84' lang='lat' dir='ltr'>Haec</span> <span class='ocrx_word' id='word_1_378' title='bbox 1273 2666 1339 2689; x_wconf 86' lang='lat' dir='ltr'>non</span> <span class='ocrx_word' id='word_1_379' title='bbox 1375 2656 1549 2687; x_wconf 79' lang='lat' dir='ltr'>intellexe-</span> 
     </span>
    </p>
   </div>
   <div class='ocr_carea' id='block_1_12' title="bbox 1621 1446 1644 2286">
    <p class='ocr_par' dir='ltr' id='par_1_16' title="bbox 1621 1446 1644 2286">
     <span class='ocr_line' id='line_1_75' title="bbox 1621 1446 1644 2286; baseline 0 0"><span class='ocrx_word' id='word_1_380' title='bbox 1621 1446 1644 2286; x_wconf 95' lang='lat' dir='ltr'> </span> 
     </span>
    </p>
   </div>
   <div class='ocr_carea' id='block_1_13' title="bbox 1617 2453 1643 2886">
    <p class='ocr_par' dir='ltr' id='par_1_17' title="bbox 1617 2453 1643 2886">
     <span class='ocr_line' id='line_1_76' title="bbox 1617 2453 1643 2886; baseline 0 0"><span class='ocrx_word' id='word_1_381' title='bbox 1617 2453 1643 2886; x_wconf 95' lang='lat' dir='ltr'> </span> 
     </span>
    </p>
   </div>
  </div>
 </body>
</html>
