1644 2886
178 757 216 798 ffi-

258 120 340 162 426
738 110 1111 163 PLATONis

258 234 420 285 νούσης
454 237 705 283 κοινωνίας,
748 235 808 285 μὴ
843 234 1120 290 μακρότερον
1155 235 1314 278 εἴκοσιν
1349 238 1456 278 ἐτῶν
1492 237 1585 291 μηδ’

259 302 443 342 ἔλαττον
487 298 800 342 ὀκτωκαίδεκα·
861 298 1086 360 πρεπούσῃ
1144 302 1189 343 δὲ
1245 303 1377 361 στολῆ
1427 301 1591 351 ταύτας
1635 341 1638 342 ⁷

259 367 522 417 ἐσταλμένας
555 367 830 419 καταβατέον
866 368 933 408 ἐπι
971 364 1052 416 τὴν
1087 365 1277 420 ἅμιλλαν
1312 366 1477 410 τούτων
1505 369 1591 409 τῶν

260 429 448 486 δρόμων.
1602 423 1603 426 ¹

360 496 448 537 Καὶ
494 493 547 536 τά
595 498 674 549 μὲν
718 498 812 550 περὶ
860 495 1053 551 δρόμους
1090 494 1279 550 ἀνδράσι
1327 513 1370 540 τε
1408 501 1479 539 καὶ
1517 513 1587 548 γυ-

261 562 372 612 ναιξὶ
409 563 549 602 ταῦτα
587 563 713 602 ἔσται’
751 561 805 603 τα
843 563 886 603 δὲ
918 561 1005 604 κατ’
1047 559 1177 616 ἰσχύν,
1213 560 1314 603 ἀντὶ
1348 563 1425 615 μὲν
1449 561 1591 614 πάλης

259 630 330 668 καὶ
369 627 455 667 τῶν
488 625 721 676 τοιούτων,
767 625 819 668 τά
858 629 939 669 νῦν
974 625 1058 669 ὅσα
1092 629 1251 681 βαρέα,
1298 625 1378 678 τὴν
1422 633 1466 669 ἐν
1499 637 1591 677 τοῖς

259 690 410 742 ὅπλοις
451 691 618 746 μάχην,
665 698 740 736 ἕνα
777 692 839 735 η’
864 691 974 748 πρὸς
1009 698 1083 735 ἕνα
1130 696 1476 748 διαμαχομένους
1519 699 1590 736 και

261 758 341 801 δύο
377 757 488 811 πρὸς
525 756 625 807 δύο,
672 761 741 801 καὶ
784 762 904 813 μέχρι
941 761 1039 801 δέκα
1076 756 1185 814 πρὸς
1218 760 1317 801 δέκα
1363 761 1590 814 διαμιλλω-

260 831 414 879 μένους
448 822 671 876 ἀλλήλοις.
706 822 734 866 ἃ
763 827 807 866 δὲ
835 823 996 878 τὸνμὴ
1032 823 1247 867 παθόντα
1277 822 1302 875 ἢ
1340 824 1590 877 ποιήσαντα

263 985 391 1015 Verum
417 984 571 1015 servavit
594 983 720 1014 Enseb.
750 982 872 1023 Praep.
899 984 1074 1015 Ev.Xlll.
1099 985 1147 1018 19.
1163 995 1194 1026 p.
1223 985 1297 1019 707.
1326 985 1364 1019 Β.
1391 986 1486 1017 Idem
1506 986 1587 1017 Eus.

225 2067 227 2070 ’
264 2068 456 2101 Grouius
481 2070 681 2101 arbitratur.

261 1027 567 1070 ιριςκαιδεκαέιεσι,
593 1034 626 1059 et
649 1037 729 1059 mox
756 1026 911 1059 ταύταις
936 1027 1144 1068 ἐσταλμένας.

350 1070 445 1105 ἀντὶ
471 1073 541 1113 μὲν
572 1071 703 1115 πάλης
728 1074 818 1115 καὶ]
848 1074 932 1106 Post
957 1073 1062 1115 πάλης
1086 1077 1311 1116 interponunt
1336 1085 1368 1106 τε
1392 1085 1424 1106 v.
1450 1075 1473 1107 f.
1501 1075 1533 1106 h.
1561 1085 1587 1106 r.

260 1207 327 1239 ἐστὶ
352 1206 395 1249 μὴ
420 1206 630 1250 μακρότερον
654 1208 782 1239 εἴκοσιν
800 1206 892 1245 ἐτῶν,

260 1250 334 1295 μηδ’
355 1253 489 1284 ἔλαττον
514 1250 741 1284 ὀκτωκαίδεκα
762 1251 892 1294 (ἐτῶν)ῑ

261 1310 369 1340 quae
413 1309 513 1330 vero
552 1309 703 1331 annum
738 1300 890 1339 attige-

260 1345 350 1376 rint
377 1345 554 1376 tertium
580 1345 805 1383 decimum,
834 1345 892 1376 iis

264 1391 506 1423 certamina
569 1391 891 1421 constituemus

264 1436 346 1475 sic,
388 1441 431 1466 ut
468 1445 613 1467 eorum
653 1436 892 1476 communio

263 1481 473 1522 perduret
520 1491 678 1521 usque
727 1481 779 1511 ad
818 1491 893 1511 nu-

263 1527 400 1566 ptias,
438 1526 517 1557 hoe
560 1531 642 1565 est,
680 1535 762 1557 non
798 1526 892 1556 diu-

264 1572 370 1610 tius,
397 1581 518 1611 quam
544 1581 679 1612 usque
703 1571 754 1602 ad
780 1571 893 1610 vige-

264 1617 413 1648 simum
438 1617 602 1647 aetatis
632 1626 792 1654 annum,
818 1625 895 1646 nee

265 1662 465 1701 brevius,
507 1671 630 1702 quam
676 1670 809 1701 usque
846 1661 895 1691 ad

262 1717 352 1738 ann
372 1717 392 1737 u
408 1718 440 1738 m
488 1706 896 1737 duodevicesimam.

263 1751 350 1783 Cum
368 1752 422 1783 his
440 1761 597 1792 pugnare
621 1751 780 1782 nonnihil
801 1752 894 1781 vide-

264 1803 330 1832 tur,
356 1798 451 1837 quod
476 1797 705 1837 philosophus
724 1796 821 1827 Libr.
838 1795 894 1827 Vl.

264 1853 297 1883 p.
324 1842 388 1876 785
427 1848 512 1875 extr.
538 1843 661 1883 puellis
685 1841 894 1872 matrimonii

263 1888 407 1919 ineundi
442 1893 576 1928 tempus
613 1897 739 1919 annum
773 1886 896 1918 aetatis

263 1938 397 1964 sextum
413 1933 582 1964 decimum
607 1933 799 1964 constituit.
837 1932 895 1962 Vi-

264 1980 338 2010 deri
361 1979 470 2018 igitur
496 1982 610 2019 potest
633 1979 690 2009 hic
708 1978 784 2009 sciti
802 1977 895 2008 illius

264 2025 319 2056 sui
350 2025 529 2055 immemor
560 2024 687 2064 fuisse,
724 2023 758 2054 id
803 2022 896 2063 quod

719 2067 791 2098 Nisi
807 2068 896 2098 forte

263 2114 354 2155 μέχρι
381 2113 491 2155 γάμου
516 2120 583 2146 est:
614 2123 750 2155 usque
774 2113 822 2144 ad
849 2113 895 2143 il-

263 2160 339 2190 lud
346 2164 556 2207 tempus
601 2160 670 2190 ubi
711 2159 894 2198 nuptiae

263 2205 313 2236 ad
326 2215 343 2235 v
353 2215 370 2235 e
381 2209 422 2235 nt
433 2210 516 2236 ant.
550 2204 711 2235 Ceterum
726 2214 783 2241 με]
788 2201 895 2243 ου’σης

263 2259 326 2291 pro
362 2250 451 2290 vulg.
476 2248 536 2289 μὲν
568 2248 676 2290 ου’σης
706 2251 772 2288 leg.
801 2248 893 2288 apud

264 2295 391 2328 Enseb.
441 2296 532 2326 unde
579 2305 695 2327 verum
743 2294 895 2325 restituit

264 2340 514 2373 Boeckhius
541 2341 577 2371 in
604 2341 692 2371 Min.
722 2350 754 2380 p.
782 2339 859 2373 180.

311 2383 462 2417 ταύτας
488 2385 749 2424 ἐσταλμένας
775 2395 891 2416 κατα-

264 2430 439 2472 βαιὲον]
468 2432 512 2463 H.
536 2441 564 2462 e.
592 2431 804 2471 καταβαίνειν
826 2428 893 2464 δεῖς

264 2477 354 2508 unde
380 2477 519 2517 ponitur
535 2477 754 2508 aecusativus
779 2475 891 2506 ἐσταλ-

261 2520 363 2559 μένας
396 2521 527 2554 ταύτας.
561 2533 588 2552 v.
624 2522 647 2552 1
654 2522 713 2552 ibr.
748 2522 822 2552 ill
859 2530 891 2560 p.

262 2567 339 2601 793.
368 2566 718 2612 C.et.i111.pS28.
747 2566 790 2597 D.
824 2567 890 2597 En-

261 2599 495 2644 seb.1a13mus·
521 2611 740 2651 ἐσταλμέναις.
802 2612 892 2643 Ante

263 2656 439 2698 πρεπούσῃ
467 2669 542 2689 cnm
569 2658 765 2690 Bekkero
792 2659 824 2688 in
843 2658 892 2688 loa

958 1220 1035 1240 rum
1055 1211 1233 1242 commatis
1252 1211 1354 1241 colon
1379 1210 1587 1249 suffecimus,

961 1265 1028 1296 quo
1055 1255 1147 1287 facto
1174 1260 1339 1295 protenus
1365 1265 1483 1287 omnes
1509 1265 1589 1287 eva-

959 1306 1104 1332 nescunt
1141 1301 1384 1340 difficultates,
1422 1310 1508 1341 quas
1540 1302 1589 1332 A-

960 1347 1071 1377 stius
1111 1346 1166 1376 hic
1208 1346 1274 1377 sibi
1319 1346 1590 1386 deprehendisse

963 1392 1057 1422 visus
1084 1396 1143 1422 est.

1007 1435 1051 1467 τὰ
1077 1433 1121 1466 δὲ
1146 1431 1224 1467 κατ’
1249 1433 1390 1476 ἰσχύν]
1417 1435 1588 1467 periodus

961 1482 1108 1523 abrupta
1154 1493 1194 1513 ac
1245 1491 1356 1522 prope
1407 1482 1588 1520 dissoluta,

962 1537 1063 1568 quam
1104 1527 1154 1557 sie
1195 1528 1422 1567 explicamus:
1470 1527 1589 1562 Quod

963 1582 1062 1603 vero
1087 1573 1140 1602 ad
1172 1573 1413 1603 certamina
1430 1573 1588 1603 robore

960 1617 1210 1657 indigentia
1248 1616 1337 1656 (non
1371 1626 1438 1647 una
1477 1617 1587 1648 velo-

963 1661 1121 1701 citate)
1148 1662 1326 1702 attinet,
1362 1670 1438 1702 pro
1471 1662 1589 1693 lucta

962 1711 1092 1747 atque
1117 1707 1302 1746 talibus,
1335 1716 1442 1747 quae
1478 1717 1588 1738 nune

963 1752 1118 1792 gravia
1149 1757 1246 1782 sunt
1271 1753 1488 1792 (videntur),
1519 1762 1587 1792 pu-

963 1807 1085 1838 gnam
1132 1798 1302 1837 gravis
1344 1802 1589 1828 armaturae

964 1844 1202 1874 sanciemus
1228 1843 1469 1884 (repetendum
1498 1843 1587 1874 enim

963 1885 1121 1928 θήσομεν
1152 1897 1193 1918 ex
1225 1888 1498 1929 superioribus),
1530 1889 1590 1919 ita

964 1938 1008 1964 ut
1045 1933 1210 1972 singuli
1252 1937 1404 1964 contra
1448 1934 1588 1973 singn-

963 1979 1049 2017 los,
1075 1979 1165 2008 bini
1191 1984 1341 2009 contra
1365 1978 1491 2009 binos
1516 1983 1587 2009 etr.

964 2024 1200 2056 decertent.
1250 2023 1477 2054 Aecusativns
1518 2021 1587 2054 δια-

963 2068 1176 2108 μαχομένους
1199 2073 1232 2099 et
1251 2067 1531 2106 διαμιλλωμένους
1546 2078 1587 2099 ex

963 2114 1186 2145 anacoluthia
1216 2113 1457 2154 explicandus,
1494 2114 1587 2154 posi·

961 2164 1015 2191 tus
1039 2159 1096 2190 ille
1127 2160 1270 2199 perinde
1301 2169 1341 2191 ao
1373 2158 1402 2188 si
1431 2168 1587 2198 praeces·

961 2205 1045 2236 serit
1075 2205 1146 2235 fere
1180 2205 1260 2235 hoc:
1307 2201 1465 2244 θήσομεν
1492 2202 1585 2242 μάχε-

962 2249 1044 2281 σθαι
1069 2247 1105 2281 ἐν
1131 2246 1258 2280 ὅπλοις.
1317 2248 1486 2280 Nimirum
1513 2259 1586 2288 per—

961 2296 1048 2327 tinet
1101 2295 1187 2326 haec
1235 2303 1373 2335 quoque
1417 2294 1587 2324 orationis

962 2341 1072 2372 forma
1099 2341 1143 2371 ad
1169 2340 1252 2370 illud
1278 2339 1441 2380 loquendi
1467 2348 1586 2379 genus,

961 2396 1030 2426 qno
1057 2385 1304 2426 explicavimus
1323 2394 1429 2424 supra
1445 2385 1488 2415 ad
1506 2394 1585 2424 pag.

1004 2477 1049 2507 E.
1095 2472 1115 2505 ἂ
1151 2473 1191 2504 δὲ
1228 2471 1382 2514 τὸνμὴ
1430 2472 1583 2504 παθόν-

962 2531 1004 2551 ια
1029 2520 1094 2560 --]
1129 2521 1203 2550 Hoc
1239 2521 1338 2552 dicit:
1380 2519 1584 2556 Quemad—

961 2567 1117 2598 modum
1143 2576 1251 2596 nuno
1281 2567 1427 2597 luctae
1455 2565 1584 2605 periti

961 2610 1307 2648 constituerunt,
1352 2610 1451 2649 qnid
1493 2610 1584 2649 quie

961 2665 1039 2687 non
1087 2665 1321 2696 perpessus
1373 2665 1466 2687 esse
1514 2659 1584 2686 aul
