1644 2886
288 104 368 147 ‘212
761 100 1131 144 PLATONIS

291 223 363 264 καὶ
398 226 443 263 ὲν
478 215 649 267 τούτοις
685 216 964 273 δικαστήρια,
1002 223 1047 260 ἐν
1083 216 1147 266 οἷς
1182 220 1232 259 αἴ
1261 232 1303 258 τε
1340 218 1426 259 τῶν
1460 215 1634 275 φόνων

293 292 534 341 πρέπουσαι
568 285 683 325 δίκαι
719 282 926 336 γίγνοιντ’
967 282 1025 326 ἂν
1061 287 1133 325 καὶ
1168 279 1250 324 ὅσα
1273 281 1490 324 θανάτων
1507 279 1608 333 ἄξια

293 349 555 405 ἀδικήματα.
596 351 691 405 περὶ
723 351 766 391 δὲ
800 350 971 404 τειχῶν,
1005 341 1036 391 ὦ
1072 350 1270 402 Μέγιλλε,
1307 347 1426 402 ἔγωγ’
1467 345 1525 390 ὀὲν
1557 350 1633 408 τῇ

292 416 485 476 Σπάρτῃ
531 415 826 474 ξυμφεροίμην
880 414 928 458 τὸ
974 413 1208 457 καθεύδειν
1251 415 1328 455 ὲᾶν
1371 419 1417 456 ὲν
1465 415 1514 472 τῇ
1556 416 1635 474 γῇ

290 485 576 536 κατακείμενα
623 480 676 523 τὰ
729 484 843 535 τείχη
889 484 959 523 καὶ
1007 478 1065 535 μὴ
1113 478 1420 529 ἐπανιστάναι,
1476 481 1632 523 τῶνδε·

291 552 445 591 εἵνεκα.
489 550 628 598 καλῶς
668 550 746 602 μὲν
791 550 863 589 καὶ
900 546 922 590 ὁ
961 544 1183 599 ποιητικὸς
1216 544 1323 600 ὑπὲρ
1356 545 1502 587 αὐτῶν
1537 542 1634 588 λό·ΔΖ

291 631 365 667 γος
407 613 624 669 ὑμνεῖται,
676 612 724 656 τὸ
770 615 909 668 χαλκᾶ
957 616 1026 654 καὶ
1073 613 1226 666 σιδηρᾶ
1271 614 1359 653 δεῖν
1402 609 1512 654 εἶναι
1551 610 1633 654 τὰ*

293 684 406 736 τείχη
441 682 610 736 μᾶλλον
643 676 668 731 ἢ
704 679 858 734 γήϊνα·
898 678 945 721 τὸ
982 679 1022 721 δ’
1066 677 1269 732 ἡμέτερον
1294 680 1355 719 ἔτι
1373 676 1484 732 πρὸς
1507 676 1608 720 τού-

293 764 383 797 τοις
423 745 566 800 γέλωτ’
617 744 675 788 ἂν
721 748 892 794 δικαίως
935 745 1166 799 πάμπολυν
1210 742 1360 801 ὄφλοι,
1405 740 1455 786 τὸ
1505 742 1601 785 κατ’

382 921 419 952 D.
468 918 563 960 περὶ
598 916 637 948 δὲ
669 917 837 959 τειχῶν]
874 917 1007 949 laudat
1038 917 1182 957 longin.
1217 916 1268 949 lV.
1297 916 1326 956 ξ.
1351 915 1381 949 6.
1408 915 1464 947 ubi
1490 915 1606 947 scribi-

291 970 343 997 tur
367 964 428 1007 ἐγὼ
454 963 685 1005 ξυμφεροίμην
708 974 749 993 αν
775 965 815 1006 τῆ
840 961 999 1006 Σπάρτῃ,
1026 975 1066 992 κα
1073 960 1208 992 θεύδειν
1223 963 1278 992 ἐᾶν
1294 978 1326 982 -
1346 962 1398 991 ἔα(
1397 961 1605 992 ινίστασθαι.

382 1011 419 1042 [⁴2.

291 1166 369 1197 dam
395 1163 637 1196 existimemus.
682 1161 842 1194 Nimirum
869 1161 919 1194 hic

291 1219 386 1249 eam,
419 1218 518 1249 quam
544 1207 782 1246 indicavimus,
814 1209 917 1239 ratio-

291 1265 367 1288 nem
393 1253 544 1286 confudit
575 1262 650 1284 cum
676 1254 798 1289 altera,
831 1262 917 1294 quae

290 1301 404 1334 animo
429 1300 500 1331 eius
525 1298 707 1329 obversata
733 1301 807 1336 est,
833 1308 916 1338 qua-

289 1356 352 1388 que
377 1345 479 1377 scribi
506 1343 606 1376 etiam
624 1343 711 1375 hunc
733 1343 764 1374 in
782 1344 915 1375 modum

291 1392 423 1433 potuit:
457 1387 552 1442 πρὸς
574 1389 608 1420 δὲ
643 1387 762 1423 αὐτοῖς
786 1385 826 1418 τά
856 1390 916 1428 μὲν

289 1435 435 1477 οἰκήσεις
466 1447 501 1466 τε
533 1430 704 1477 ἀρχόντων
742 1432 797 1463 καὶ
821 1433 915 1464 δικα-

291 1481 431 1524 στηρίων
458 1479 496 1522 (ἰ.
523 1489 552 1510 e.
577 1478 631 1510 καὶ
654 1476 798 1517 alniasi<
821 1479 915 1509 δικα-

291 1527 452 1566 στηρίων,
483 1534 573 1565 quae
603 1527 657 1555 est
691 1533 810 1555 caussa
846 1528 914 1555 tra-

289 1570 447 1603 iectionis
488 1569 675 1610 particulae
712 1577 767 1609 τε;
809 1577 838 1598 ν.
874 1567 914 1599 ad

291 1617 421 1649 Criton
449 1625 480 1656 p.
508 1614 562 1648 43.
591 1613 650 1651 Β.)
674 1631 717 1635 -
743 1610 807 1654 χρὴ
840 1613 914 1644 δια-

291 1659 460 1703 σκευάζειν
478 1678 520 1684 --
544 1659 577 1689 ἐν
601 1669 650 1694 οις
673 1656 734 1693 τὰς
761 1658 854 1692 δίκας
872 1676 914 1681 --

291 1700 437 1739 δώσουσι
467 1707 532 1736 τῶν
564 1702 663 1734 ὁσίων
688 1703 783 1743 πέρι,
813 1701 854 1733 τὰ
882 1702 915 1732 δὲ

290 1751 346 1783 καὶ
391 1748 560 1782 τοιούτων
605 1749 695 1778 θεῶν
742 1745 914 1789 ἱδρύματα

290 1809 345 1828 και
376 1797 409 1827 ἐν
443 1793 582 1829 τούτοις
617 1792 783 1838 (deorum
821 1792 913 1824 aedi-

290 1840 373 1881 bus)
397 1837 612 1881 δικαστήρια
642 1838 675 1868 ἐν
699 1839 750 1874 οἷς
773 1855 815 1860 ——-
840 1836 914 1870 ἅδι-

290 1884 436 1929 κήματα.
475 1884 564 1916 Fieri
592 1889 703 1915 tamen
730 1886 853 1923 potest
879 1886 916 1914 ut

291 1932 446 1964 nonnulla
462 1929 579 1962 vitiata
602 1928 679 1960 sint.
727 1928 828 1960 Certe
843 1928 915 1968 qui-

290 1977 366 2009 dem
382 1986 442 2018 pro
467 1974 510 2010 ὠς
533 1972 632 2006 ὁσίων
660 1973 735 2013 πέρι
762 1973 912 2004 scriben-

290 2023 368 2059 dum
383 2021 597 2062 suspicamur
619 2021 684 2049 τῶν
702 2015 801 2049 ὁσίων
826 2018 911 2059 πέρι.

290 2066 396 2102 Quod
417 2065 546 2106 ἵδρυμα
570 2067 603 2096 et
627 2062 754 2104 ἵδρυσις
772 2062 814 2095 de
829 2063 912 2096 deo-

289 2122 361 2145 rum
388 2110 525 2143 sedibus
555 2109 693 2147 dicitur,
726 2113 826 2140 notus
859 2112 914 2141 est

291 2157 343 2190 liic
372 2166 453 2188 usus
488 2153 667 2196 loquendi,
707 2152 750 2184 de
780 2163 848 2194 quo
879 2164 910 2186 ν.

290 2199 538 2234 Blomfield.
571 2199 727 2230 Glossar.
762 2198 803 2229 ad
839 2199 910 2231 Ae-

288 2246 393 2290 schyl.
419 2247 624 2287 Agamemn.
652 2254 680 2274 v.
696 2242 774 2278 330.
801 2242 911 2275 Choe-

292 2292 387 2336 plior.
415 2302 444 2323 v.
472 2290 571 2326 1023.

337 2383 376 2414 D.
424 2379 542 2423 ἔγωγ’
575 2377 622 2410 ἅν
653 2377 701 2421 τῇ
730 2378 911 2421 Σπάρτῃ

293 2445 334 2453 --
365 2424 667 2467 ἐπανιστάναι]
716 2424 909 2466 equidem

292 2474 476 2514 Spartae
519 2470 758 2509 assentiar,
805 2480 910 2501 moe-

290 2519 357 2551 nia
390 2516 576 2550 dormire
608 2516 755 2547 sinere
786 2523 910 2558 opor-

289 2568 381 2596 tere
423 2563 461 2594 in
500 2560 631 2593 terris
662 2560 812 2592 abdita
845 2569 909 2592 ne-

288 2618 368 2650 que
410 2617 455 2640 ea
493 2606 684 2639 excitare
724 2615 769 2638 ex
805 2604 908 2637 iufe-

287 2654 359 2686 τῖε,
408 2650 640 2694 Metaphoram
681 2654 718 2683 ut
754 2650 908 2692 frigidam

471 1012 616 1048 τεῖχος
641 1008 682 1039 δὲ
706 1019 806 1050 περι
795 1009 837 1048 ιβ
847 1008 1088 1050 ιλοίμεθα]
1115 995 1324 1048 Stephanus,
1353 1010 1478 1038 mutata
1503 1007 1606 1038 iuter-

985 1160 1198 1204 repreliendit
1225 1160 1441 1202 Longinus
1464 1160 1525 1193 IV.
1551 1161 1606 1195 62.

983 1208 1054 1241 Neo
1092 1213 1207 1239 tamen
1253 1217 1289 1238 ea
1328 1216 1388 1247 per
1421 1216 1459 1238 se
1493 1207 1606 1248 inepta
1631 1210 1644 1215 “’

984 1258 1055 1293 est,
1093 1251 1290 1293 praesertim
1330 1260 1431 1292 quum
1461 1251 1606 1284 addatur

983 1300 1017 1330 ἐν
1054 1301 1094 1339 γῇ
1138 1298 1403 1337 κατακειμένοις.
1465 1293 1634 1336 Accedit}

981 1345 1070 1385 quod
1097 1342 1138 1373 ad
1163 1346 1290 1374 certum
1316 1340 1487 1381 quoddam
1503 1342 1605 1382 Spar-

982 1394 1136 1421 ranorum
1172 1386 1327 1418 iudicium
1359 1386 1481 1426 respici
1513 1386 1604 1418 vide-

982 1440 1048 1473 tur,
1074 1431 1164 1474 quod
1189 1436 1301 1463 tamen
1321 1430 1453 1473 quando
1478 1430 1605 1463 factum
1641 1433 1644 1440 “

983 1481 1044 1519 sit,
1069 1488 1133 1509 non
1160 1481 1302 1508 constat.
1352 1476 1461 1517 lpsam
1487 1475 1605 1508 Plato-

983 1525 1033 1557 nis
1081 1523 1278 1554 sententiam
1316 1520 1359 1553 de
1395 1521 1498 1553 muris
1538 1530 1605 1553 non

981 1568 1197 1601 exstruendis
1223 1567 1356 1598 vellicat
1385 1566 1606 1598 Aristote-
1630 1577 1644 1602 ,’

982 1615 1044 1645 les
1078 1613 1178 1644 Polit.
1210 1611 1277 1642 Vll.
1304 1611 1357 1644 11.
1386 1621 1418 1652 p.
1442 1611 1518 1644 292.
1551 1610 1604 1642 ed.

981 1656 1178 1691 Schneider.
1208 1655 1370 1688 Nimirum
1387 1660 1525 1688 secutus
1552 1659 1606 1687 est

980 1705 1038 1736 ille
1062 1702 1124 1734 hac
1149 1702 1179 1733 in
1210 1711 1247 1732 re
1272 1701 1509 1733 auctoritatem
1534 1700 1605 1742 Ly-

980 1748 1094 1789 curgi,
1131 1746 1173 1779 de
1212 1755 1278 1786 quo
1314 1755 1345 1776 v.
1384 1744 1601 1778 Plutarch.

983 1795 1048 1826 vit.
1076 1793 1220 1832 Lycurg.
1248 1801 1279 1832 p.
1304 1791 1359 1824 52.
1384 1790 1428 1821 A.

1025 1837 1069 1870 τὸ
1111 1838 1246 1877 χαλκοῖ
1277 1836 1343 1866 καὶ
1374 1834 1525 1879 σιδηρᾶ
1558 1853 1601 1858 -

981 1896 1030 1962 ἔξ
1040 1894 1124 1960 »atr
1134 1882 1177 1959 r]0
1203 1881 1261 1957 Ιιιι-ι·
1271 1891 1332 1958 rga
1342 1890 1490 1967 tzlsropflo
1501 1889 1602 1965 pient-se

981 1983 1095 2015 quam
1128 1981 1270 2004 muros
1310 1975 1506 2002 terrenos
1545 1970 1600 2002 ci-

980 2020 1160 2051 vitatem
1213 2016 1322 2048 tueri
1383 2019 1599 2057 oportere.

979 2064 1034 2096 Ad
1059 2072 1236 2105 quemnam
1262 2062 1397 2103 poetam
1423 2060 1523 2093 Plato
1547 2069 1602 2092 re-

978 2109 1148 2150 spexerit,
1181 2107 1218 2139 id-
1246 2115 1327 2138 vero
1356 2106 1508 2146 ignotum
1535 2109 1600 2138 est.
1642 2100 1644 2143 J

979 2154 1048 2187 Sed
1076 2152 1275 2185 sententiam
1306 2152 1416 2191 ipsam
1441 2161 1460 2183 a
1490 2150 1601 2183 Laco-

978 2200 1073 2232 nibus
1108 2199 1248 2230 multum
1287 2196 1393 2228 fuisse
1427 2196 1599 2235 iactatam,

979 2245 1060 2276 satis
1099 2246 1241 2275 constat.
1275 2240 1491 2273 Plutarch.
1526 2241 1597 2272 vit.

979 2290 1122 2331 lycurg.
1159 2299 1192 2330 p.
1223 2286 1281 2321 52
1316 2288 1354 2318 Α.
1387 2297 1415 2317 e.
1450 2285 1504 2319 19.
1542 2286 1599 2318 ubi

979 2335 1156 2390 Lycurgus
1181 2335 1333 2364 narratur
1363 2330 1506 2363 dixisse.
1539 2329 1600 2363 οὐκ

977 2378 1019 2413 ἂν
1052 2380 1099 2420 εἴη
1134 2377 1328 2418 ἀτείχιστος
1366 2374 1480 2415 πόλις,
1521 2388 1598 2412 ατις

977 2423 1120 2467 ἆνδριίσι
1154 2421 1209 2454 καὶ
1243 2420 1283 2454 ου’
1322 2421 1480 2456 πλίνθοις
1510 2421 1598 2454 kare:

977 2469 1138 2511 φάνωτηι,
1170 2466 1260 2508 quod
1286 2466 1407 2508 legitur
1431 2464 1529 2498 etiam
1564 2465 1596 2497 in

978 2512 1148 2556 Apophtli
1188 2513 1313 2545 lwacon
1354 2522 1385 2553 p.
1417 2510 1498 2545 853:
1534 2505 1596 2541 ουίι

977 2559 1041 2600 ἔφη
1071 2557 1170 2590 πόλιν
1198 2557 1406 2595 ἀτείχιστον,
1436 2554 1510 2596 ἥτις
1536 2553 1596 2586 ἅν-

975 2602 1075 2647 δριίσι
1105 2602 1161 2634 καὶ
1184 2602 1224 2635 ov’
1257 2602 1432 2637 πλινθίοις
1454 2597 1596 2639 ἐστεφά-

974 2660 1086 2680 νωται.
1135 2647 1325 2681 lustinus
1364 2645 1452 2677 Hist
1499 2644 1593 2678 XIV.
