1644 2886
498 105 668 169 Lissiu
702 103 942 160 QUINTI.
1307 139 1309 143 ,
1380 103 1405 139 ει

60 219 235 264 videndi
282 220 517 275 rationem,
571 219 626 262 ab
675 234 726 261 ea
767 214 828 261 ita
875 216 1093 261 recedere·
1123 216 1301 268 licebit,
1357 221 1407 256 ut

58 293 111 322 ea
139 278 370 334 deligatur,
403 293 513 333 quae
544 278 582 319 ei
614 276 671 319 sit
700 276 926 319 simillima.
985 274 1102 318 Huic
1132 289 1242 316 vero>
1266 281 1407 314 terrae

59 335 265 379 divisioni
307 335 437 377 etiam
487 335 648 377 civium
692 332 957 389 respondeat
995 331 1166 374 divisio.
1250 330 1407 372 Distri-

59 394 248 436 buantur
289 392 425 449 igitur
452 391 516 434 illi
547 393 651 434 item
680 390 725 432 in
755 391 895 433 tribus
928 389 1179 440 duodecim3
1224 387 1407 444 singulis

0 499 2 503 y
59 457 202 492 autem
233 447 434 492 tribubus
465 449 627 506 praesit
647 448 804 503 aliquis
835 448 972 500 Deus,
1005 448 1067 488 ita
1097 454 1146 489 ut
1176 444 1408 488 duodecim
1458 492 1461 494 ,

0 506 204 562 {tribus
250 523 276 549 a
319 506 555 548 ‘duodecim
606 505 688 548 diis
741 504 1118 561 cognominentur.
1198 502 1410 547 Similiter

59 566 191 607 etiam
231 565 335 607 urbs
390 564 434 605 in
484 562 716 605 duodecim
751 569 898 618 partes
948 560 1223 603 describatur
1259 560 1409 616 ibique

60 621 214 665 domus
244 621 411 664 civibus
443 621 721 677 assignentur
749 621 813 676 (p.
845 620 939 661 745.
972 618 1022 659 Β.
1057 643 1106 651 -
1139 618 1228 672 Ε..)

171 680 323 734 Atque
352 678 459 720 haec
493 677 668 734 quidem
699 676 753 719 de
784 691 987 734 agrorum
1019 682 1063 718 et
1090 670 1410 718 habitationum

61 736 274 779 divisione
306 734 490 790 aliisque
519 735 648 777 rebus
679 733 736 776 ad
763 749 858 776 eam
889 732 1221 790 pertinentibus.
1282 731 1409 786 Quae

61 794 98 836 si
136 793 211 848 qui
242 798 370 835 erunt
396 793 508 834 inter
546 792 664 834 cives
712 792 786 847 qui
818 791 998 833 moleste
1028 790 1172 832 ferant
1204 790 1409 844 iustoque

61 850 282 893 severiora
321 856 365 892 et
400 849 605 906 graviora
645 848 917 903 existiment,
963 848 1017 890 iis
1058 845 1410 905 persuadendum

61 913 142 962 est,
171 907 256 950 ista
285 907 428 950 omnia
458 922 544 948 non
574 906 667 949 sine
695 905 853 948 idonea
882 920 1040 948 caussa
1066 905 1269 947 instituta
1298 918 1408 957 esse,

62 964 416 1022 quandoquidem
446 963 629 1006 tendant
663 978 730 1018 eo,
759 970 810 1005 ut
838 963 993 1006 civitas
1024 961 1080 1004 ad
1113 978 1244 1018 quam
1274 961 1410 1007 maxi-

59 1037 172 1065 mam
202 1021 514 1078 perfectionem
544 1020 810 1072 adducatur3
844 1035 956 1076 quae
987 1026 1130 1062 autem
1159 1035 1238 1077 pro
1265 1034 1410 1069 rerum

61 1086 216 1122 natura
255 1086 300 1121 et
338 1077 591 1122 conditione
620 1094 710 1121 non
740 1084 947 1135 poterunt
974 1077 1127 1134 perfici
1157 1084 1289 1134 atque
1313 1088 1412 1118 rata

61 1137 172 1189 fieri,
203 1151 254 1178 ea
283 1136 504 1192 sapienter
532 1135 915 1178 commutabuntur
949 1136 1013 1191 (p.
1045 1136 1140 1178 746.
1167 1136 1225 1177 A.
1246 1159 1301 1165 —-—
1321 1132 1410 1189 C.).

63 1219 116 1225 —
148 1195 382 1236 Praeterea
410 1207 512 1234 vero
544 1191 778 1250 diligenter
817 1191 863 1235 id
893 1191 1184 1248 spectandum
1231 1197 1322 1246 est,
1362 1199 1414 1233 ut

62 1251 106 1292 in
137 1250 337 1292 omnibus
373 1249 565 1293 civitatis
606 1250 804 1306 partibus
845 1249 988 1292 omnia
1025 1248 1081 1291 ad
1119 1248 1295 1292 modum
1332 1264 1414 1300 nu·-

62 1322 314 1363 merumque
356 1313 642 1366 attemperata
671 1307 781 1362 sint,
814 1306 948 1349 veluti
980 1306 1141 1349 civium
1172 1305 1412 1349 communi-

62 1370 196 1417 tates,
242 1364 424 1406 militum
463 1363 637 1406 ordines
676 1370 721 1406 et
760 1364 947 1422 agmina,
989 1364 1135 1419 numi,
1168 1378 1412 1418 mensurae,

62 1422 162 1476 alia,
193 1436 274 1463 nec
305 1436 490 1476 usquam
522 1421 575 1463 ab
606 1437 657 1463 eo
690 1421 962 1476 deflectatur,
996 1420 1114 1477 quod
1143 1421 1304 1463 iustum
1336 1421 1412 1463 ha-

63 1479 163 1521 beat
201 1477 387 1520 modum.
459 1477 560 1532 Qua
602 1479 645 1520 in
685 1494 730 1520 re
772 1478 856 1522 dici
896 1495 984 1521 non
1027 1484 1170 1536 potest
1202 1484 1412 1534 quantum

42 1535 208 1577 'valeat
237 1535 532 1578 arithmeticae
561 1535 766 1578 studium.
828 1536 1049 1590 Quocirca
1086 1537 1204 1579 cives
1244 1536 1289 1578 in
1332 1535 1413 1578 hac

65 1598 156 1634 arte
186 1591 439 1636 instituendi
469 1599 595 1647 sunt,
637 1595 888 1649 praesertim
921 1610 1053 1649 quum
1085 1594 1177 1636 eius
1207 1593 1412 1636 tractatio

63 1649 190 1692 etiam
228 1650 356 1692 animi
394 1650 507 1692 ‘vires
549 1651 731 1705 excitet,
782 1650 994 1694 indociles
1037 1651 1202 1693 efficiat
1231 1651 1410 1705 dociles,

64 1706 212 1749 tardos
263 1706 451 1762 denique
495 1723 675 1764 sagaces
726 1718 769 1750 et
807 1716 959 1751 acutos
1009 1708 1176 1752 reddat.
1246 1708 1413 1763 Quam-

64 1779 190 1819 quam
221 1763 327 1806 haec
356 1764 631 1807 arithmetica
659 1765 874 1808 institutio
906 1767 968 1808 ita
998 1773 1168 1808 tantum
1214 1766 1331 1808 bona
1371 1773 1415 1807 et

64 1819 295 1862 laudabilis
335 1821 439 1873 erit,
478 1822 514 1863 si
556 1822 776 1865 illiberalis
821 1839 871 1866 ac
900 1823 1078 1866 sordida
1108 1823 1307 1866 lucrandi
1337 1839 1413 1865 cu-

65 1876 226 1932 piditas
263 1877 317 1937 ab
357 1877 616 1920 discentium
655 1880 808 1922 animis
842 1881 991 1936 procul
1030 1880 1264 1933 habeatur3
1306 1880 1413 1922 alio—

65 1933 168 1988 quin
213 1949 288 1990 per
331 1949 424 1975 eam
463 1934 589 1976 facile
620 1935 862 1990 calliditas,
894 1937 1078 1990 astutia,
1121 1937 1415 1979 fraudulentia

64 1989 268 2048 denique,
301 1990 612 2046 procreabitur,
644 1990 687 2033 id
717 1992 831 2047 quod
858 1994 1091 2051 Aegyptiis
1122 2001 1166 2036 et
1184 1994 1414 2037 Phoenici-

65 2048 156 2101 bus
187 2054 361 2089 constat
391 2046 630 2102 accidisse,
673 2050 765 2091 sive
797 2050 889 2093 eius
920 2051 981 2093 rei
1010 2066 1166 2094 caussa
1194 2052 1238 2094 in
1268 2050 1414 2109 legiun

63 2104 277 2161 pravitate
320 2105 412 2147 sive
455 2106 499 2146 in
538 2105 615 2147 sati
658 2106 843 2161 quadam
873 2108 1100 2164 iniquitate
1132 2109 1299 2152 sivein
1328 2109 1415 2152 alia

5 2181 8 2183 >
66 2159 252 2216 quadam
290 2177 334 2204 re
367 2162 498 2204 fuerit
538 2163 693 2218 posita.
765 2164 878 2206 Nam
926 2172 1082 2208 natura
1127 2166 1321 2209 locorum
1363 2183 1415 2210 ac

65 2218 172 2261 coeli
213 2219 443 2276 temperies
483 2220 586 2262 item
627 2236 825 2277 magnam
867 2222 1000 2266 habet
1047 2223 1132 2266 vim
1175 2223 1231 2266 ad
1270 2240 1412 2267 mores

26 2290 29 2294 ·
64 2275 282 2318 hominum
321 2276 388 2318 vel
429 2276 724 2320 emendandos
762 2279 830 2321 vel
878 2281 1006 2323 etiam
1054 2281 1408 2338 corrumpendos.

65 2330 165 2386 Quo
193 2332 237 2375 in·
267 2340 426 2390 genere
457 2335 740 2390 praestabunt
767 2336 798 2378 ii
823 2336 938 2391 loci,
969 2338 1014 2379 in
1045 2339 1202 2394 quibus
1234 2338 1410 2381 divinus

68 2389 239 2444 quidam
276 2401 432 2448 regnat
468 2390 643 2435 afflatus
694 2400 737 2434 et
776 2394 868 2450 agri
909 2394 992 2438 diis
1033 2402 1151 2439 sorte
1193 2396 1408 2453 assignati

67 2451 227 2512 (ἑξήρης,
258 2447 331 2491 ubi
362 2447 422 2491 dii
453 2464 650 2505 quosque
690 2450 868 2493 colonos
898 2452 1075 2510 propitii
1113 2453 1327 2510 recipient
1356 2469 1408 2496 ac

66 2516 265 2546 vxcismm.
300 2505 458 2560 -Quae
500 2506 674 2562 quidem
718 2507 792 2563 qui
832 2508 951 2568 leges
991 2510 1158 2553 laturus
1201 2518 1296 2566 est,
1339 2511 1414 2553 ubi

30 2584 35 2587 ·
67 2563 373 2616 respectaverit
413 2580 490 2620 pro
533 2564 721 2615 viribus,
763 2574 853 2607 tum
898 2567 1018 2626 leges
1059 2568 1250 2612 scribere
1281 2583 1413 2611 cona-

4 2654 9 2659 .
30 2639 34 2643 -
69 2615 198 2660 bitur.

487 2724 490 2725 ⁷
524 2716 1014 2737 “Q-⁴³<-
