1644 2886
257 118 335 157 386
730 114 810 157 ΡΙ.
830 120 861 156 Α
880 115 915 156 Τ
929 118 969 157 o
985 116 1022 158 N
1041 117 1053 156 ι
1069 116 1099 159 S
1123 112 1129 118 '

254 238 373 287 μέχρι
417 232 493 272 τοῦ
539 229 598 282 μὴ
642 232 915 287 βλασφημεῖν
962 233 1057 287 περὶ
1099 230 1239 282 αὐτά,
1287 230 1496 291 εὐφημεῖν
1540 233 1584 274 δὲ

255 296 323 339 ἀεὶ
357 294 563 345 θύοντάς
595 311 638 337 τε
674 297 746 338 καὶ
783 300 828 339 ἐν
865 295 1011 351 εὐχαῖς
1045 295 1302 352 εὐχομένους
1333 295 1532 351 εὐσεβῶς.

357 362 459 404 ΚΛ.
534 362 676 404 Τοῦτο
709 363 790 415 μὲν
823 360 995 417 ὀρθόν,
1041 361 1079 405 εἴ
1110 378 1156 417 γε
1193 363 1370 419 πρῶτον
1403 363 1483 417 μὲν
1513 364 1585 405 δυ-

256 426 392 468 νατόν
426 431 542 469 ἐστιν
577 423 599 468 ὃ
636 429 772 479 λέγεις
800 430 991 482 μαθεῖν·
1028 426 1136 483 εἶτα,
1173 432 1208 470 εὶ
1241 426 1301 482 μὴ
1338 430 1513 482 λέγομέν
1543 444 1585 470 τι

254 495 349 549 περὶ
392 490 539 535 αὐτῶν
583 491 738 549 ὀρθῶς
772 496 866 544 νῦν,
900 493 1129 548 μαθόντες
1164 495 1208 536 δὲ
1242 494 1440 546 λέξομεν,
1485 509 1584 548 συγ-

250 558 373 612 χωρῶ
410 555 527 612 κάγώ
565 557 613 600 τό
649 573 695 611 γε
738 561 955 602 τοσοῦτον
989 560 1062 602 καὶ
1104 561 1310 603 τοιοῦτον
1343 556 1398 602 ὃν
1430 561 1585 614 μαθη-

253 627 350 665 τέον
385 621 509 667 εἶναι.
555 622 678 666 ταῦτ’
721 640 801 667 ουν
833 623 891 674 ὡς
925 624 1083 680 ἔχοντά
1119 623 1218 668 ἐσθ’
1269 623 1406 675 οὕτω,
1452 625 1582 679 πειρῶ

251 687 302 731 σὺ
337 691 416 742 μὲν
451 689 706 744 ἐξηγεῖσθαι
739 690 935 741 πάντως,
983 689 1104 745 ἡμεῖς
1137 692 1182 733 δὲ
1216 690 1482 742 ξυνέπεσθαί
1516 705 1584 732 σοι

252 750 582 807 μανθανόντες.

360 821 451 863 ΑΘ.
519 820 631 863 Ἀλλ’
673 825 759 864 ἔστι
794 825 874 877 μὲν
908 821 961 864 οὐ
1005 819 1162 878 ῥᾴδιον
1197 820 1221 863 ὃ
1257 823 1361 875 λέγω
1401 823 1583 875 μαθεῖν,

252 885 344 929 οὐδ’
397 879 454 929 αὖ
501 885 757 930 παντάπασι
786 886 996 943 χαλεπόν,
1047 886 1147 930 οὐδέ
1175 892 1221 941 γέ
1262 902 1381 937 τινος
1419 885 1583 941 χρόνου

251 950 526 1005 παμπόλλου.
564 952 796 1008 τεκμήριον
832 957 895 996 δέ·
933 951 1011 1005 ἐγώ
1037 951 1204 995 τούτων
1238 949 1339 996 οὔτε
1362 957 1457 1002 νέος
1480 948 1581 995 οὔτε

298 1104 338 1138 Ε
388 1102 478 1135 οὐδ’
506 1098 557 1135 αὖ
584 1102 854 1136 παντάπασιν
877 1103 1078 1149 χαλεπόν]
1105 1105 1198 1137 Vett.
1223 1105 1317 1138 editt
1347 1101 1426 1136 ουδ’
1452 1099 1496 1136 αὖ
1519 1103 1579 1136 πά

256 1151 306 1180 λιν
331 1147 473 1180 παντάπ.
494 1161 522 1190 χ.
548 1149 736 1182 Omisimus
763 1148 860 1181 πάλιν
884 1161 959 1183 curn
985 1153 1028 1184 A.
1055 1156 1089 1183 et
1113 1161 1166 1192 pr.
1193 1147 1232 1181 Ω.

342 1193 441 1226 οὔτε
464 1195 561 1226 νὲοε
596 1193 693 1227 οὔτε
723 1193 873 1236 πάλαι]
899 1195 985 1227 νέως
1011 1197 1047 1228 Ξ.
1076 1197 1100 1228 f.
1126 1206 1153 1228 r.
1179 1201 1213 1227 et
1235 1205 1304 1227 rec.
1335 1192 1373 1228 Ω.
1398 1194 1484 1225 νέων
1507 1193 1580 1227 Rie.

252 1239 347 1271 Nihil
374 1241 574 1272 mutandum
599 1251 694 1281 esse,
733 1242 826 1273 inira
848 1242 884 1273 in
909 1242 1084 1282 explieatt.
1119 1241 1442 1273 demonstravimus.
1489 1239 1581 1272 Dein

249 1362 282 1394 p.
316 1352 394 1386 670.
429 1353 474 1384 D.
509 1350 601 1392 μέχρι
636 1362 676 1394 γε
716 1350 884 1384 τοσούτου

250 1397 501 1430 πεπαιδεῦσθαι
534 1395 671 1452 σχεδόν
686 1393 883 1439 ἀναγκαῖον,

248 1442 340 1485 μέχρι
373 1446 436 1475 τοῦ
463 1441 612 1475 δυνατὸν
636 1438 722 1474 εἶναι
747 1454 776 1476 κ.
802 1455 828 1476 τ.
854 1444 880 1475 λ.

251 1489 444 1530 Xenoph.
475 1489 581 1520 Mem.
599 1487 654 1521 lv.
681 1489 712 1523 7.
727 1488 760 1522 5.
785 1489 822 1520 τὸ
848 1487 885 1520 δὲ

249 1532 341 1575 μέχρι
376 1533 502 1566 τούτου
535 1534 764 1589 aazpovopuay
801 1545 881 1573 μαν-

250 1577 389 1616 θάυειι,
421 1578 513 1620 μέχρι
544 1578 607 1610 τοῦ
637 1579 691 1609 καὶ
716 1576 754 1609 τὰ
777 1576 821 1620 μὴ
847 1577 884 1610 ἐν

250 1623 290 1663 τῇ
313 1620 401 1664 αυτῇ
437 1623 610 1666 περιφορᾷ
634 1620 717 1654 ὄντα
741 1624 879 1663 γνῶναι

250 1668 322 1702 Sed
345 1679 416 1701 non
439 1669 691 1711 infrequentem
717 1678 792 1700 esse
817 1670 879 1701 ite-

248 1716 421 1747 rationem
450 1714 722 1756 praepositionis
748 1715 784 1746 in
815 1714 882 1757 hac

248 1761 501 1792 infinitivorum
537 1760 777 1801 appositione,
818 1759 880 1791 du-

249 1806 330 1837 dum
377 1806 497 1837 docuit
538 1804 793 1836 Heindorf.
837 1805 882 1836 ad

224 1884 227 1885 γ
248 1851 434 1891 Protagor.
452 1849 484 1891 ξ.
504 1849 582 1884 113.
602 1860 635 1891 p.
656 1849 734 1884 356-
753 1849 799 1882 D.
824 1859 882 1881 cu-

247 1897 302 1927 ius
327 1896 439 1936 copiis
464 1895 572 1926 addas
596 1896 675 1927 licet
704 1904 792 1936 quae
817 1904 881 1927 nos

247 1942 375 1973 ibidem
410 1940 657 1981 congessimus.
718 1938 879 1972 Ceterum

246 1986 428 2019 admireris
467 1986 642 2026 egregiam
679 1984 881 2026 philosophi

246 2032 426 2073 pietatem,
462 2031 526 2076 qui
543 2040 670 2072 pueros
705 2034 740 2061 et
762 2031 880 2062 adole-

249 2081 383 2110 scentes
418 2076 540 2108 saltem
563 2076 613 2108 ita
645 2076 880 2108 astronomiae

249 2122 448 2162 cognitione
477 2121 683 2152 imbuendos
711 2130 788 2152 esse
811 2125 879 2153 sta-

237 2169 327 2206 -tuit‚
352 2171 390 2198 ut
414 2167 457 2197 de
481 2166 548 2198 diis
573 2166 782 2198 coelestibus
807 2176 878 2198 non

248 2212 395 2254 amplius
431 2210 537 2250 falsa,
573 2211 642 2243 hoc
671 2215 723 2243 est
761 2211 879 2253 impia,

248 2259 445 2312 loquantur.

291 2302 337 2334 D.
385 2297 485 2338 etta,
516 2299 634 2342 εἰμὴ
667 2298 879 2342 λέγομέν

248 2358 283 2378 τι
310 2345 371 2388 -]
398 2346 520 2378 Tenor
552 2346 723 2378 orationis
754 2344 880 2377 dehinc

247 2396 399 2425 mutatur
419 2391 622 2432 paullulum.
660 2391 764 2431 Pergi
788 2391 878 2422 enim

247 2438 396 2469 debebat
429 2435 496 2470 sic.
540 2436 562 2467 d
579 2446 597 2468 e
613 2437 624 2468 i
638 2447 660 2468 n
676 2437 698 2468 d
715 2445 732 2467 e
766 2431 878 2477 (τοῦτ’

247 2482 337 2514 ἐστὶν
373 2477 501 2522 ὀρθόν)
534 2482 570 2512 si
602 2490 710 2523 quae
749 2490 877 2512 nunc

245 2529 475 2560 feruntur
517 2535 653 2567 prava
696 2525 745 2558 de
789 2526 876 2557 diis

247 2573 521 2605 coelestibus
561 2571 773 2610 iudicia,
817 2578 874 2614 ea,

246 2619 424 2660 cognita
471 2618 765 2649 astronomiae
807 2614 874 2648 do-

245 2664 405 2702 etrina‚
439 2662 785 2694 emendabuntur
817 2667 872 2693 at-

951 1363 1029 1394 que
1054 1353 1345 1392 corrigentur.
1370 1350 1441 1383 Pro
1463 1361 1504 1383 eo
1520 1360 1580 1383 au-

950 1401 1019 1429 tem
1039 1398 1276 1437 Atheniensis,
1300 1402 1400 1428 utens
1424 1406 1581 1428 sermone

949 1443 1151 1484 prolixiore,
1169 1443 1218 1475 sic
1231 1443 1331 1474 dicit:
1356 1442 1521 1482 deinde,
1546 1442 1581 1473 si

951 1489 1054 1529 quid
1078 1498 1161 1520 non
1184 1492 1299 1520 recte
1323 1497 1433 1518 nunc
1457 1487 1506 1519 de
1525 1487 1580 1518 iis

949 1533 1214 1572 iudicamus,
1260 1543 1278 1564 c
1294 1543 1315 1564 o
1329 1542 1352 1572 g
1366 1542 1387 1563 n
1404 1533 1480 1564 ita
1512 1541 1580 1564 au-

949 1583 1030 1609 tem
1070 1579 1274 1610 doctrina
1314 1577 1395 1610 illa
1432 1576 1579 1618 (recte)

948 1622 1257 1662 iudicabimus,
1291 1623 1385 1663 ipse
1410 1633 1580 1667 qnoque

948 1668 1142 1700 concedo
1183 1671 1263 1699 tan
1278 1672 1326 1698 tu
1342 1677 1374 1699 m
1410 1677 1458 1699 ac
1493 1665 1580 1699 tale

946 1713 1059 1754 quod
1092 1714 1155 1744 sit
1189 1713 1434 1744 discendum
1475 1722 1578 1744 esse.

947 1757 1135 1790 Praeterea
1169 1758 1257 1789 illud
1292 1757 1393 1788 τοῦτο
1427 1755 1487 1796 μὲν
1520 1753 1578 1799 ὀρ-

948 1800 1020 1833 θόν
1056 1812 1175 1834 rursus
1217 1802 1306 1834 nihil
1346 1803 1450 1835 habet
1484 1803 1579 1844 qnod

948 1848 1015 1889 ipsi
1040 1849 1076 1880 in
1114 1848 1405 1889 consequentibus
1434 1857 1578 1888 respon-

947 1894 1037 1926 deat.
1085 1893 1276 1925 Enimvero
1307 1894 1491 1934 postremis
1515 1893 1578 1925 ali-

945 1943 999 1970 ter
1021 1941 1126 1979 atque
1161 1938 1346 1979 oportebat
1378 1939 1577 1978 enuntiatis,

946 1984 1049 2015 etiam
1074 1984 1258 2015 universae
1283 1984 1417 2024 periodi
1438 1983 1577 2015 confor-

945 2029 1050 2060 matio
1076 2028 1176 2069 plane
1209 2033 1340 2060 mutata
1363 2028 1428 2060 est‘
1444 2039 1485 2060 ac
1517 2029 1575 2060 de-

946 2075 1052 2128 nique
1075 2074 1146 2105 alia
1169 2075 1292 2106 evasit.

992 2114 1111 2160 ἡμεῖς
1136 2117 1177 2150 δὲ
1202 2117 1480 2160 ξυνέπεσθαι]
1505 2118 1573 2150 Int.

945 2159 1190 2205 πειρασόμεθα.
1253 2164 1346 2205 Apte
1397 2167 1577 2204 comparat

946 2209 1115 2242 Aetius·
1123 2208 1302 2242 Phaedon.
1327 2218 1361 2249 p.
1381 2208 1433 2242 71.
1450 2208 1494 2240 Ε.
1508 2206 1576 2249 ἐγώ

947 2264 1002 2286 σοι
1032 2253 1100 2295 ἐρῶ
1134 2254 1188 2285 καὶ
1219 2250 1341 2295 αὐτήν,
1378 2250 1421 2286 οὐ
1453 2252 1490 2284 δέ
1517 2262 1575 2292 μοι

946 2297 1006 2341 τὴν
1029 2298 1155 2341 ἑτέραν,
1181 2310 1227 2332 sc.
1251 2297 1350 2341 ἐρεῖς

991 2367 1031 2398 Ε.
1079 2361 1180 2398 ουδὲ
1204 2364 1248 2407 γε’
1273 2374 1389 2397 τινος
1415 2364 1574 2407 χρόνον

947 2409 1248 2451 παμπόλλου]
1280 2421 1355 2444 nec
1388 2407 1573 2453 longius

947 2457 1165 2498 quoddam
1189 2459 1354 2497 tempus
1380 2457 1573 2499 requirit

990 2521 1086 2554 οὔτε
1108 2521 1204 2553 νέος
1228 2520 1325 2554 οὔτε
1350 2522 1470 2555 πάλαι
1496 2519 1571 2576 dm]

943 2567 1194 2609 Stephanus
1232 2573 1272 2599 et
1305 2570 1456 2601 Astius
1493 2566 1573 2599 νέον

941 2613 1183 2654 corrigendum
1202 2618 1354 2654 censent,
1374 2613 1467 2656 quod
1479 2613 1571 2645 idem

922 2659 984 2691 „sit
996 2661 1110 2699 *atque
1135 2658 1263 2690 nemori.
1291 2659 1444 2691 Ulterius
1468 2660 1571 2691 etiam
