1644 2886
262 121 338 161 102
694 113 1006 156 ARGUMEN
1014 113 1149 157 TUM

259 229 547 280 confabulari,
608 234 657 266 ut
712 239 849 266 sermo
903 223 1168 279 exspatietur
1219 224 1361 280 paullo
1403 225 1590 267 liberius.

258 286 413 339 Itaque
444 284 513 324 hic
544 281 686 322 denuo
717 279 990 321 admonuisse
1019 279 1200 333 iuvabit,
1232 279 1285 321 de
1315 295 1401 334 quo
1431 280 1591 322 dictum

260 347 325 383 est
361 340 403 380 in
436 336 753 392 superioribus,
797 335 1027 376 humanum
1072 350 1208 390 genus
1247 342 1322 376 aut
1361 336 1475 377 nullo
1514 351 1591 377 un-

260 410 387 451 quam
423 400 617 449 tempore
657 406 737 433 nec
774 390 941 432 initium
986 391 1187 432 habuisse
1224 405 1304 432 nec
1329 391 1457 432 finem
1497 406 1590 433 esse

257 450 526 502 habiturum,
579 452 654 489 aut
703 447 956 496 immensum
992 447 1080 488 fere
1125 460 1218 488 esse
1256 447 1462 503 temporis
1493 462 1592 502 spa·

258 507 392 557 tium,
433 519 485 546 ex
516 519 602 558 quo
635 509 776 544 ortum
807 517 931 543 suum
963 503 1192 557 acceperit.
1251 502 1343 543 Iam
1373 518 1475 544 vero
1506 508 1593 544 tam

259 562 404 603 multis
443 560 670 616 longisque
718 566 958 612 temporum
1002 557 1191 613 periodis
1244 558 1592 599 verisimillimum

264 623 331 659 est
374 616 529 658 multas
567 615 764 656 civitates
795 620 838 655 et
869 614 1062 655 extitisse
1093 620 1136 655 et
1174 628 1323 655 rursus
1362 615 1590 667 interiisse,

258 673 443 727 ideoque
481 685 621 713 mores
659 677 703 711 et
730 670 928 711 instituta
956 669 1068 710 inter
1096 669 1291 712 homines
1323 685 1401 724 pro
1429 675 1593 725 tempo-

259 743 354 770 rum
391 728 669 781 locorumque
716 725 923 767 varietate
964 725 1106 766 locum
1141 725 1380 767 obtinuisse
1411 726 1592 767 maxime

207 822 213 827 .
258 784 402 826 varios
441 798 491 824 ac
530 782 740 823 diversos.
810 781 961 823 Veluti
1000 781 1098 822 olim
1137 796 1217 822 nec
1245 782 1377 822 vitem
1407 796 1486 822 nec
1516 781 1624 822 oli-.

256 854 354 882 vam
379 853 459 880 nec
488 839 634 894 fruges
664 837 857 879 extitisse
876 837 1101 878 memoriae
1119 836 1337 891 proditum
1367 844 1449 879 est:
1481 836 1593 878 uude

260 909 487 951 quamnam
531 892 703 935 tandem
752 893 996 948 putabimus
1044 899 1233 934 exortam
1282 907 1374 935 esse
1421 891 1594 934 vivendi
1630 918 1634 921 -

260 949 494 992 rationem?
570 948 784 990 Nimirum
844 947 1044 989 videntur
1098 948 1291 990 homines
1347 954 1449 989 tum-
1500 962 1594 993 sese

259 1013 410 1049 mutuo
440 1005 744 1056 consumsisse,
775 1010 824 1045 ut
851 1016 906 1045 ne
936 1009 1076 1045 totum
1105 1017 1240 1059 genus
1270 1004 1383 1045 fame
1414 1003 1596 1058 disperi-

259 1069 339 1104 ret.
398 1063 467 1103 Ac
497 1065 694 1116 superest
722 1059 793 1101 hic
824 1066 868 1101 et
904 1059 993 1100 illic
1024 1059 1151 1100 etiam
1179 1074 1294 1101 nunc
1323 1074 1414 1101 mos
1445 1058 1595 1100 crude·

260 1118 467 1169 lissimus,
500 1131 585 1170 quo
614 1115 808 1157 homines
837 1115 890 1156 ab
921 1115 1166 1156 hominibus
1196 1120 1437 1156 mactantur
1467 1124 1595 1169 atque

262 1172 571 1215 sacrificantur.
632 1171 732 1212 Alia
769 1185 918 1212 rursus
948 1170 1001 1211 de
1033 1170 1209 1212 aliarum
1238 1177 1447 1212 terrarum
1477 1171 1596 1213 inco-

261 1229 314 1271 lis
350 1234 606 1281 narrantur,
646 1226 770 1281 quale
811 1232 876 1268 est
914 1225 1034 1279 illud,
1090 1226 1207 1281 quod
1249 1226 1349 1268 olim
1397 1226 1598 1268 dicuntur

262 1285 411 1338 fuisse,
474 1284 518 1325 ui
547 1298 598 1324 eo
627 1297 765 1337 usque
797 1281 986 1324 carnium
1019 1295 1094 1323 esu
1124 1282 1415 1335 abstinerent,
1447 1288 1495 1323 ut
1525 1295 1596 1324 eas

264 1355 318 1382 ne
347 1299 571 1382 sacriliciis
611 1338 784 1392 quidem
814 1338 1089 1387 adhiberent3
1127 1337 1241 1378 unde
1282 1339 1372 1379 vita
1402 1337 1597 1392 Orphica

263 1410 420 1441 nomen
463 1394 656 1450 accepit,
695 1408 781 1447 qua
824 1394 896 1447 qui
928 1393 996 1434 usi
1027 1398 1149 1446 sunt,
1188 1394 1218 1434 ii
1247 1408 1333 1435 non
1364 1393 1448 1435 alio
1479 1393 1596 1435 victu

263 1452 447 1506 ciboque
502 1450 586 1491 nisi
646 1463 787 1490 rerum
842 1449 1170 1489 inanimatarum
1220 1449 1305 1490 frui
1361 1463 1596 1490 consueve-

260 1513 375 1548 runt.
435 1505 523 1548 Sed
555 1503 759 1559 quorsum
789 1504 960 1545 tandem
990 1504 1074 1546 ista
1094 1504 1312 1560 pertinent
1343 1519 1453 1559 quae
1481 1518 1596 1546 nunc

262 1562 481 1617 disputare
510 1559 805 1602 instituimus?
852 1559 1067 1602 Nimirum
1088 1561 1357 1616 propositum
1386 1561 1469 1601 fuit
1498 1560 1595 1613 hoc,

261 1624 312 1659 ut
339 1617 466 1659 simul
493 1621 734 1672 appareret,
767 1615 909 1657 omnia
938 1615 1156 1656 hominum
1176 1616 1320 1657 studia
1349 1621 1391 1657 et
1418 1615 1596 1658 consilia
1629 1631 1631 1633 ’

261 1674 443 1715 maxime
484 1687 536 1714 ex
574 1672 732 1726 triplici
771 1671 1010 1725 indigentia
1047 1677 1088 1712 et
1118 1671 1353 1726 cupiditate
1384 1686 1596 1726 suspensa

262 1744 379 1782 esse,
418 1743 471 1770 ex
502 1727 682 1782 quibus,
714 1727 750 1768 si
781 1733 896 1768 recte
935 1726 1147 1768 ducantur
1176 1727 1392 1780 homines,
1432 1728 1594 1777 virtus3

262 1785 329 1827 sin
368 1784 501 1836 male,
546 1783 802 1837 contrarium
835 1782 1024 1825 exsistat.
1083 1783 1278 1824 Pertinet
1308 1797 1409 1823 vero
1439 1782 1595 1837 triplex

261 1841 347 1882 ista
383 1839 623 1894 indigentia
662 1844 706 1879 et
745 1838 960 1892 cupiditas
1013 1837 1067 1878 ad
1115 1838 1280 1891 cibum,
1327 1838 1382 1878 ad
1430 1844 1593 1893 potum,

264 1901 308 1937 et
339 1894 394 1936 ad
422 1908 635 1947 venerem,
668 1893 783 1935 unde
814 1894 937 1947 quasi
967 1899 1055 1934 tres
1086 1893 1224 1934 morbi
1247 1899 1427 1935 naturae
1449 1893 1598 1934 huma-

261 1965 342 1993 nae
382 1956 632 1992 nascuntur.
701 1948 789 2002 Qui
836 1948 1009 2003 quidem
1048 1949 1109 1990 ita
1154 1948 1313 1990 debent
1351 1950 1396 1989 in
1444 1949 1594 1991 melius

261 2007 479 2060 converti,
522 2011 572 2047 ut
602 2013 645 2046 et
686 2011 801 2047 metu
840 2011 884 2045 et
912 2005 1009 2059 lege
1038 2010 1080 2046 et
1108 2005 1272 2045 ratione
1303 2006 1594 2059 coerceantur,

261 2076 459 2127 represso
497 2060 778 2103 iucunditatis
817 2075 866 2102 ac
903 2060 1139 2115 voluptatis
1179 2060 1407 2115 appetitu.⁴
1448 2061 1594 2114 Atque

263 2124 389 2159 etlam
434 2118 660 2158 Musarum
699 2117 1045 2170 reliquorumque
1083 2116 1257 2157 deorum
1289 2116 1523 2157 certamina
1551 2117 1594 2157 in

263 2173 469 2214 auxilium
509 2172 705 2213 vocanda
731 2178 847 2224 sunt,
880 2187 966 2226 quo
1007 2171 1174 2213 facilius
1213 2186 1357 2212 eorum
1402 2172 1466 2212 vis
1497 2187 1593 2226 pro·

263 2229 459 2284 pulsetur
498 2233 540 2268 et
578 2233 858 2271 removeatur.
891 2252 942 2258 -—
1010 2226 1097 2269 Sed
1134 2232 1182 2267 ut
1210 2234 1473 2268 revertamur
1500 2234 1594 2268 tan-

266 2284 363 2325 dem
401 2283 453 2324 ad
493 2282 561 2336 id,
604 2282 718 2324 unde
758 2284 902 2338 paullo
942 2288 1040 2323 ante
1080 2281 1253 2322 deflexit
1290 2284 1452 2333 oratio,
1497 2290 1596 2337 post

265 2338 440 2393 nuptias
478 2345 814 2380 consentaneum
851 2344 943 2391 est,
987 2338 1145 2378 liberos
1182 2338 1364 2391 primum
1402 2339 1523 2394 gigni
1554 2345 1596 2379 et

265 2394 504 2450 procreari3
545 2393 702 2435 deinde
740 2395 866 2435 etiam
910 2392 1082 2435 educari
1112 2398 1154 2433 et
1183 2393 1350 2434 institui
1383 2401 1592 2448 oportere.

265 2451 388 2492 Haec
423 2464 526 2491 vero
572 2450 697 2491 nobis
737 2450 781 2491 in
828 2464 1020 2502 sermone
1067 2454 1214 2490 nostro
1266 2449 1592 2504 respicientibus

266 2505 357 2547 fieri
401 2521 487 2547 non
516 2505 698 2560 poterit,
741 2505 845 2559 quin
875 2504 982 2546 aliae
1010 2510 1137 2558 atque
1168 2504 1275 2544 aliae
1305 2505 1422 2561 leges
1452 2505 1593 2546 obori-

266 2568 415 2614 antur,
456 2574 592 2615 usque
623 2560 723 2602 dum
754 2560 939 2614 denique
968 2560 1094 2601 etiam
1125 2559 1276 2601 ordine
1306 2560 1508 2616 deinceps
1540 2560 1592 2600 ad

265 2617 438 2670 publica
466 2615 538 2657 illa
569 2617 765 2657 convivia
793 2615 1100 2670 perveniamus
1162 2614 1227 2656 Eo
1258 2615 1388 2669 igitur
1419 2616 1490 2657 ubi
1522 2615 1593 2656 de—
