<?xml version="1.0" encoding="UTF-8"?>
<!DOCTYPE html PUBLIC "-//W3C//DTD XHTML 1.0 Transitional//EN"
    "http://www.w3.org/TR/xhtml1/DTD/xhtml1-transitional.dtd">
<html xmlns="http://www.w3.org/1999/xhtml" xml:lang="en" lang="en">
 <head>
  <title>
</title>
<meta http-equiv="Content-Type" content="text/html;charset=utf-8" />
  <meta name='ocr-system' content='tesseract 3.04.00' />
  <meta name='ocr-capabilities' content='ocr_page ocr_carea ocr_par ocr_line ocrx_word'/>
</head>
<body>
  <div class='ocr_page' id='page_1' title='image "./s2operaomniarece10platuoft_0028.png"; bbox 0 0 1644 2886; ppageno 0'>
   <div class='ocr_carea' id='block_1_1' title="bbox 249 104 1139 157">
    <p class='ocr_par' dir='ltr' id='par_1_1' title="bbox 249 104 1139 157">
     <span class='ocr_line' id='line_1_1' title="bbox 249 104 1139 157; baseline -0.003 0"><span class='ocrx_word' id='word_1_1' title='bbox 249 104 402 157; x_wconf 73' lang='lat' dir='ltr'><strong>xxiv</strong></span> <span class='ocrx_word' id='word_1_2' title='bbox 666 113 1139 156; x_wconf 66' lang='lat' dir='ltr'><strong>PssocsGOMENA</strong></span> 
     </span>
    </p>
   </div>
   <div class='ocr_carea' id='block_1_2' title="bbox 245 222 1569 2683">
    <p class='ocr_par' dir='ltr' id='par_1_2' title="bbox 245 222 1569 2683">
     <span class='ocr_line' id='line_1_2' title="bbox 249 222 1568 281; baseline -0.002 -13"><span class='ocrx_word' id='word_1_3' title='bbox 249 227 329 269; x_wconf 89' lang='lat' dir='ltr'><strong>bus</strong></span> <span class='ocrx_word' id='word_1_4' title='bbox 358 226 501 279; x_wconf 89' lang='lat' dir='ltr'><strong>fidem,</strong></span> <span class='ocrx_word' id='word_1_5' title='bbox 534 240 718 281; x_wconf 82' lang='lat' dir='ltr'><strong>amorem</strong></span> <span class='ocrx_word' id='word_1_6' title='bbox 748 222 1010 278; x_wconf 85' lang='lat' dir='ltr'><strong>parentibus,</strong></span> <span class='ocrx_word' id='word_1_7' title='bbox 1040 223 1184 266; x_wconf 86' lang='lat' dir='ltr'><strong>liberis</strong></span> <span class='ocrx_word' id='word_1_8' title='bbox 1214 224 1414 279; x_wconf 81' lang='lat' dir='ltr'><strong>pietatem</strong></span> <span class='ocrx_word' id='word_1_9' title='bbox 1447 225 1568 266; x_wconf 88' lang='lat' dir='ltr'><strong>resti-</strong></span> 
     </span>
     <span class='ocr_line' id='line_1_3' title="bbox 248 278 1567 334; baseline -0.001 -12"><span class='ocrx_word' id='word_1_10' title='bbox 248 283 344 324; x_wconf 80' lang='lat' dir='ltr'><strong>tuit.</strong></span> <span class='ocrx_word' id='word_1_11' title='bbox 413 281 627 334; x_wconf 78' lang='lat' dir='ltr'>Quocirca</span> <span class='ocrx_word' id='word_1_12' title='bbox 667 280 793 321; x_wconf 90' lang='lat' dir='ltr'><strong>etiam</strong></span> <span class='ocrx_word' id='word_1_13' title='bbox 833 278 885 320; x_wconf 89' lang='lat' dir='ltr'><strong>de</strong></span> <span class='ocrx_word' id='word_1_14' title='bbox 924 279 1108 321; x_wconf 61' lang='lat' dir='ltr'><strong>servitiis</strong></span> <span class='ocrx_word' id='word_1_15' title='bbox 1148 279 1288 334; x_wconf 82' lang='lat' dir='ltr'>deque</span> <span class='ocrx_word' id='word_1_16' title='bbox 1324 281 1440 322; x_wconf 86' lang='lat' dir='ltr'><strong>victu</strong></span> <span class='ocrx_word' id='word_1_17' title='bbox 1466 294 1567 322; x_wconf 90' lang='lat' dir='ltr'><strong>con—</strong></span> 
     </span>
     <span class='ocr_line' id='line_1_4' title="bbox 248 335 1567 392; baseline -0.002 -13"><span class='ocrx_word' id='word_1_18' title='bbox 248 339 394 392; x_wconf 77' lang='lat' dir='ltr'><strong>iugum</strong></span> <span class='ocrx_word' id='word_1_19' title='bbox 430 336 719 392; x_wconf 78' lang='lat' dir='ltr'><strong>imprimisque</strong></span> <span class='ocrx_word' id='word_1_20' title='bbox 756 335 979 377; x_wconf 87' lang='lat' dir='ltr'><strong>mulierum</strong></span> <span class='ocrx_word' id='word_1_21' title='bbox 1017 335 1277 390; x_wconf 79' lang='lat' dir='ltr'><strong>explicatur,</strong></span> <span class='ocrx_word' id='word_1_22' title='bbox 1316 342 1359 378; x_wconf 85' lang='lat' dir='ltr'><strong>et</strong></span> <span class='ocrx_word' id='word_1_23' title='bbox 1396 335 1567 390; x_wconf 90' lang='lat' dir='ltr'><strong>quidem</strong></span> 
     </span>
     <span class='ocr_line' id='line_1_5' title="bbox 247 390 1568 448; baseline -0.002 -13"><span class='ocrx_word' id='word_1_24' title='bbox 247 393 500 448; x_wconf 86' lang='lat' dir='ltr'><strong>interposita</strong></span> <span class='ocrx_word' id='word_1_25' title='bbox 529 407 570 446; x_wconf 91' lang='lat' dir='ltr'><strong>p.</strong></span> <span class='ocrx_word' id='word_1_26' title='bbox 602 393 694 433; x_wconf 81' lang='lat'><strong>779.</strong></span> <span class='ocrx_word' id='word_1_27' title='bbox 727 391 782 433; x_wconf 87' lang='grc' dir='ltr'><strong>Ι).</strong></span> <span class='ocrx_word' id='word_1_28' title='bbox 805 415 857 423; x_wconf 82' lang='lat'><strong>-—</strong></span> <span class='ocrx_word' id='word_1_29' title='bbox 879 392 973 433; x_wconf 75' lang='lat'><strong>782.</strong></span> <span class='ocrx_word' id='word_1_30' title='bbox 1011 391 1250 446; x_wconf 82' lang='lat' dir='ltr'><strong>copiosiore</strong></span> <span class='ocrx_word' id='word_1_31' title='bbox 1280 390 1568 447; x_wconf 85' lang='lat' dir='ltr'><strong>disputatione</strong></span> 
     </span>
     <span class='ocr_line' id='line_1_6' title="bbox 249 445 1569 503; baseline -0.002 -13"><span class='ocrx_word' id='word_1_32' title='bbox 249 448 301 490; x_wconf 91' lang='lat' dir='ltr'><strong>de</strong></span> <span class='ocrx_word' id='word_1_33' title='bbox 331 448 489 503; x_wconf 87' lang='lat' dir='ltr'><strong>triplici</strong></span> <span class='ocrx_word' id='word_1_34' title='bbox 518 453 694 489; x_wconf 87' lang='lat' dir='ltr'><strong>naturae</strong></span> <span class='ocrx_word' id='word_1_35' title='bbox 711 447 919 488; x_wconf 87' lang='lat' dir='ltr'><strong>humanae</strong></span> <span class='ocrx_word' id='word_1_36' title='bbox 950 445 1201 502; x_wconf 79' lang='lat' dir='ltr'><strong>indigentia,</strong></span> <span class='ocrx_word' id='word_1_37' title='bbox 1234 447 1331 501; x_wconf 88' lang='lat' dir='ltr'><strong>cibi,</strong></span> <span class='ocrx_word' id='word_1_38' title='bbox 1362 455 1489 503; x_wconf 87' lang='lat' dir='ltr'><strong>potus</strong></span> <span class='ocrx_word' id='word_1_39' title='bbox 1519 462 1569 488; x_wconf 91' lang='lat' dir='ltr'><strong>ac</strong></span> 
     </span>
     <span class='ocr_line' id='line_1_7' title="bbox 247 502 1568 559; baseline 0.001 -16"><span class='ocrx_word' id='word_1_40' title='bbox 247 504 442 557; x_wconf 87' lang='lat' dir='ltr'><strong>veneris,</strong></span> <span class='ocrx_word' id='word_1_41' title='bbox 483 503 597 544; x_wconf 88' lang='lat' dir='ltr'><strong>unde</strong></span> <span class='ocrx_word' id='word_1_42' title='bbox 639 518 692 544; x_wconf 90' lang='lat' dir='ltr'><strong>ne</strong></span> <span class='ocrx_word' id='word_1_43' title='bbox 738 504 956 559; x_wconf 85' lang='lat' dir='ltr'><strong>graviores</strong></span> <span class='ocrx_word' id='word_1_44' title='bbox 1008 502 1180 556; x_wconf 86' lang='lat' dir='ltr'><strong>quidam</strong></span> <span class='ocrx_word' id='word_1_45' title='bbox 1219 509 1394 545; x_wconf 83' lang='lat' dir='ltr'><strong>naturae</strong></span> <span class='ocrx_word' id='word_1_46' title='bbox 1433 503 1568 544; x_wconf 91' lang='lat' dir='ltr'><strong>morbi</strong></span> 
     </span>
     <span class='ocr_line' id='line_1_8' title="bbox 249 558 1568 615; baseline -0.001 -15"><span class='ocrx_word' id='word_1_47' title='bbox 249 560 456 612; x_wconf 77' lang='lat' dir='ltr'><strong>existant,</strong></span> <span class='ocrx_word' id='word_1_48' title='bbox 495 560 589 615; x_wconf 85' lang='lat' dir='ltr'><strong>lege</strong></span> <span class='ocrx_word' id='word_1_49' title='bbox 620 558 857 600; x_wconf 89' lang='lat' dir='ltr'><strong>cavendum</strong></span> <span class='ocrx_word' id='word_1_50' title='bbox 897 573 991 600; x_wconf 86' lang='lat' dir='ltr'><strong>esse</strong></span> <span class='ocrx_word' id='word_1_51' title='bbox 1022 558 1198 610; x_wconf 86' lang='lat' dir='ltr'><strong>dicitur,</strong></span> <span class='ocrx_word' id='word_1_52' title='bbox 1242 558 1370 613; x_wconf 89' lang='lat' dir='ltr'><strong>idque</strong></span> <span class='ocrx_word' id='word_1_53' title='bbox 1400 559 1568 614; x_wconf 87' lang='lat' dir='ltr'><strong>appari-</strong></span> 
     </span>
     <span class='ocr_line' id='line_1_9' title="bbox 247 615 1568 670; baseline 0 -14"><span class='ocrx_word' id='word_1_54' title='bbox 247 621 389 657; x_wconf 90' lang='lat' dir='ltr'><strong>turum</strong></span> <span class='ocrx_word' id='word_1_55' title='bbox 419 629 512 657; x_wconf 87' lang='lat' dir='ltr'><strong>esse</strong></span> <span class='ocrx_word' id='word_1_56' title='bbox 543 615 669 657; x_wconf 90' lang='lat' dir='ltr'><strong>etiam</strong></span> <span class='ocrx_word' id='word_1_57' title='bbox 701 630 752 656; x_wconf 88' lang='lat' dir='ltr'><strong>ex</strong></span> <span class='ocrx_word' id='word_1_58' title='bbox 781 615 1073 656; x_wconf 88' lang='lat' dir='ltr'><strong>conviviorum</strong></span> <span class='ocrx_word' id='word_1_59' title='bbox 1101 615 1368 670; x_wconf 91' lang='lat' dir='ltr'><strong>publicorum</strong></span> <span class='ocrx_word' id='word_1_60' title='bbox 1397 622 1439 655; x_wconf 87' lang='lat' dir='ltr'><strong>et</strong></span> <span class='ocrx_word' id='word_1_61' title='bbox 1466 615 1568 656; x_wconf 86' lang='lat' dir='ltr'><strong>viris</strong></span> 
     </span>
     <span class='ocr_line' id='line_1_10' title="bbox 249 670 1569 713; baseline -0.002 -1"><span class='ocrx_word' id='word_1_62' title='bbox 249 678 291 712; x_wconf 90' lang='lat' dir='ltr'><strong>et</strong></span> <span class='ocrx_word' id='word_1_63' title='bbox 319 671 566 713; x_wconf 88' lang='lat' dir='ltr'><strong>mulieribus</strong></span> <span class='ocrx_word' id='word_1_64' title='bbox 595 671 881 712; x_wconf 90' lang='lat' dir='ltr'><strong>communium</strong></span> <span class='ocrx_word' id='word_1_65' title='bbox 920 670 1082 712; x_wconf 83' lang='lat' dir='ltr'><strong>caussis</strong></span> <span class='ocrx_word' id='word_1_66' title='bbox 1113 676 1154 711; x_wconf 89' lang='lat' dir='ltr'><strong>et</strong></span> <span class='ocrx_word' id='word_1_67' title='bbox 1182 670 1433 712; x_wconf 87' lang='lat' dir='ltr'><strong>rationibus.</strong></span> <span class='ocrx_word' id='word_1_68' title='bbox 1491 670 1569 711; x_wconf 85' lang='lat' dir='ltr'><strong>Ni·-</strong></span> 
     </span>
     <span class='ocr_line' id='line_1_11' title="bbox 247 725 1569 781; baseline -0.001 -13"><span class='ocrx_word' id='word_1_69' title='bbox 247 727 399 768; x_wconf 89' lang='lat' dir='ltr'><strong>mirum</strong></span> <span class='ocrx_word' id='word_1_70' title='bbox 428 727 716 780; x_wconf 85' lang='lat' dir='ltr'><strong>respiciuntur</strong></span> <span class='ocrx_word' id='word_1_71' title='bbox 746 728 828 768; x_wconf 90' lang='lat' dir='ltr'><strong>iam</strong></span> <span class='ocrx_word' id='word_1_72' title='bbox 857 726 927 767; x_wconf 90' lang='lat' dir='ltr'><strong>hic</strong></span> <span class='ocrx_word' id='word_1_73' title='bbox 955 725 1041 779; x_wconf 88' lang='lat' dir='ltr'><strong>illa,</strong></span> <span class='ocrx_word' id='word_1_74' title='bbox 1074 741 1182 779; x_wconf 87' lang='lat' dir='ltr'><strong>quae</strong></span> <span class='ocrx_word' id='word_1_75' title='bbox 1221 732 1370 781; x_wconf 88' lang='lat' dir='ltr'><strong>postea</strong></span> <span class='ocrx_word' id='word_1_76' title='bbox 1400 725 1569 767; x_wconf 90' lang='lat' dir='ltr'><strong>demum</strong></span> 
     </span>
     <span class='ocr_line' id='line_1_12' title="bbox 247 781 1568 837; baseline -0.002 -13"><span class='ocrx_word' id='word_1_77' title='bbox 247 783 368 824; x_wconf 85' lang='lat' dir='ltr'><strong>Libr.</strong></span> <span class='ocrx_word' id='word_1_78' title='bbox 399 782 528 824; x_wconf 86' lang='lat' dir='ltr'><strong>VIII.</strong></span> <span class='ocrx_word' id='word_1_79' title='bbox 558 798 600 837; x_wconf 86' lang='lat' dir='ltr'><strong>p.</strong></span> <span class='ocrx_word' id='word_1_80' title='bbox 635 784 728 825; x_wconf 83' lang='lat'>835.</span> <span class='ocrx_word' id='word_1_81' title='bbox 759 781 808 824; x_wconf 91' lang='lat' dir='ltr'><strong>C.</strong></span> <span class='ocrx_word' id='word_1_82' title='bbox 831 796 925 836; x_wconf 85' lang='lat' dir='ltr'><strong>sqq.</strong></span> <span class='ocrx_word' id='word_1_83' title='bbox 957 781 1009 823; x_wconf 89' lang='lat' dir='ltr'><strong>de</strong></span> <span class='ocrx_word' id='word_1_84' title='bbox 1039 781 1104 823; x_wconf 86' lang='lat' dir='ltr'><strong>his</strong></span> <span class='ocrx_word' id='word_1_85' title='bbox 1127 783 1252 824; x_wconf 89' lang='lat' dir='ltr'><strong>rebus</strong></span> <span class='ocrx_word' id='word_1_86' title='bbox 1275 782 1568 836; x_wconf 87' lang='lat' dir='ltr'><strong>exquiruntur,</strong></span> 
     </span>
     <span class='ocr_line' id='line_1_13' title="bbox 247 837 1568 893; baseline -0.002 -13"><span class='ocrx_word' id='word_1_87' title='bbox 247 849 295 880; x_wconf 91' lang='lat' dir='ltr'><strong>ut</strong></span> <span class='ocrx_word' id='word_1_88' title='bbox 333 840 452 893; x_wconf 80' lang='lat' dir='ltr'><strong>quasi</strong></span> <span class='ocrx_word' id='word_1_89' title='bbox 495 839 668 880; x_wconf 89' lang='lat' dir='ltr'><strong>liberior</strong></span> <span class='ocrx_word' id='word_1_90' title='bbox 708 838 916 893; x_wconf 87' lang='lat' dir='ltr'><strong>quaedam</strong></span> <span class='ocrx_word' id='word_1_91' title='bbox 955 839 1160 880; x_wconf 87' lang='lat' dir='ltr'><strong>sermonis</strong></span> <span class='ocrx_word' id='word_1_92' title='bbox 1189 837 1398 893; x_wconf 81' lang='lat' dir='ltr'><strong>digressio</strong></span> <span class='ocrx_word' id='word_1_93' title='bbox 1428 837 1568 879; x_wconf 89' lang='lat' dir='ltr'><strong>locum</strong></span> 
     </span>
     <span class='ocr_line' id='line_1_14' title="bbox 247 893 1568 949; baseline -0.002 -13"><span class='ocrx_word' id='word_1_94' title='bbox 247 896 426 947; x_wconf 88' lang='lat' dir='ltr'><strong>habeat,</strong></span> <span class='ocrx_word' id='word_1_95' title='bbox 470 910 596 949; x_wconf 87' lang='lat' dir='ltr'><strong>quam</strong></span> <span class='ocrx_word' id='word_1_96' title='bbox 627 897 752 936; x_wconf 88' lang='lat' dir='ltr'><strong>etiam</strong></span> <span class='ocrx_word' id='word_1_97' title='bbox 791 895 883 948; x_wconf 88' lang='lat' dir='ltr'><strong>ipse</strong></span> <span class='ocrx_word' id='word_1_98' title='bbox 912 893 1194 949; x_wconf 84' lang='lat' dir='ltr'><strong>philosophus</strong></span> <span class='ocrx_word' id='word_1_99' title='bbox 1225 900 1466 935; x_wconf 80' lang='lat' dir='ltr'><strong>excusatam</strong></span> <span class='ocrx_word' id='word_1_100' title='bbox 1496 907 1568 934; x_wconf 88' lang='lat' dir='ltr'><strong>cu-</strong></span> 
     </span>
     <span class='ocr_line' id='line_1_15' title="bbox 247 949 1569 1007; baseline -0.003 -14"><span class='ocrx_word' id='word_1_101' title='bbox 247 952 323 1007; x_wconf 90' lang='lat' dir='ltr'><strong>pit.</strong></span> <span class='ocrx_word' id='word_1_102' title='bbox 382 951 472 992; x_wconf 90' lang='lat' dir='ltr'><strong>Iam</strong></span> <span class='ocrx_word' id='word_1_103' title='bbox 503 965 604 992; x_wconf 88' lang='lat' dir='ltr'><strong>vero</strong></span> <span class='ocrx_word' id='word_1_104' title='bbox 641 951 705 993; x_wconf 89' lang='lat' dir='ltr'><strong>his</strong></span> <span class='ocrx_word' id='word_1_105' title='bbox 734 950 941 1006; x_wconf 88' lang='lat' dir='ltr'><strong>peroratis</strong></span> <span class='ocrx_word' id='word_1_106' title='bbox 978 949 1126 991; x_wconf 92' lang='lat' dir='ltr'><strong>libro</strong></span> <span class='ocrx_word' id='word_1_107' title='bbox 1158 950 1395 1005; x_wconf 85' lang='lat' dir='ltr'><strong>septimo</strong></span> <span class='ocrx_word' id='word_1_108' title='bbox 1422 963 1569 990; x_wconf 88' lang='lat' dir='ltr'><strong>recens</strong></span> 
     </span>
     <span class='ocr_line' id='line_1_16' title="bbox 247 1005 1568 1061; baseline -0.002 -13"><span class='ocrx_word' id='word_1_109' title='bbox 247 1006 336 1048; x_wconf 88' lang='lat' dir='ltr'><strong>nati</strong></span> <span class='ocrx_word' id='word_1_110' title='bbox 374 1013 551 1061; x_wconf 89' lang='lat' dir='ltr'><strong>tanqum</strong></span> <span class='ocrx_word' id='word_1_111' title='bbox 589 1007 641 1048; x_wconf 92' lang='lat' dir='ltr'><strong>ab</strong></span> <span class='ocrx_word' id='word_1_112' title='bbox 679 1006 947 1048; x_wconf 88' lang='lat' dir='ltr'><strong>incunabulis</strong></span> <span class='ocrx_word' id='word_1_113' title='bbox 979 1006 1268 1061; x_wconf 87' lang='lat' dir='ltr'><strong>suscipiuntur</strong></span> <span class='ocrx_word' id='word_1_114' title='bbox 1306 1011 1434 1059; x_wconf 84' lang='lat' dir='ltr'><strong>atque</strong></span> <span class='ocrx_word' id='word_1_115' title='bbox 1465 1005 1568 1046; x_wconf 92' lang='lat' dir='ltr'><strong>edu-</strong></span> 
     </span>
     <span class='ocr_line' id='line_1_17' title="bbox 249 1062 1568 1115; baseline -0.002 -11"><span class='ocrx_word' id='word_1_116' title='bbox 249 1069 413 1105; x_wconf 79' lang='lat' dir='ltr'><strong>cantur.</strong></span> <span class='ocrx_word' id='word_1_117' title='bbox 474 1062 761 1115; x_wconf 78' lang='lat' dir='ltr'><strong>Quamobrem</strong></span> <span class='ocrx_word' id='word_1_118' title='bbox 798 1062 867 1103; x_wconf 89' lang='lat' dir='ltr'><strong>hic</strong></span> <span class='ocrx_word' id='word_1_119' title='bbox 904 1068 1251 1103; x_wconf 86' lang='lat' dir='ltr'><strong>consummantur</strong></span> <span class='ocrx_word' id='word_1_120' title='bbox 1289 1062 1408 1115; x_wconf 83' lang='lat' dir='ltr'><strong>quasi</strong></span> <span class='ocrx_word' id='word_1_121' title='bbox 1460 1076 1568 1115; x_wconf 90' lang='lat' dir='ltr'><strong>quae</strong></span> 
     </span>
     <span class='ocr_line' id='line_1_18' title="bbox 247 1115 1569 1172; baseline -0.002 -12"><span class='ocrx_word' id='word_1_122' title='bbox 247 1120 354 1161; x_wconf 89' lang='lat' dir='ltr'><strong>libro</strong></span> <span class='ocrx_word' id='word_1_123' title='bbox 392 1118 579 1161; x_wconf 87' lang='lat' dir='ltr'><strong>secundo</strong></span> <span class='ocrx_word' id='word_1_124' title='bbox 620 1118 672 1159; x_wconf 91' lang='lat' dir='ltr'><strong>de</strong></span> <span class='ocrx_word' id='word_1_125' title='bbox 711 1118 777 1160; x_wconf 86' lang='lat' dir='ltr'><strong>his</strong></span> <span class='ocrx_word' id='word_1_126' title='bbox 816 1118 943 1159; x_wconf 87' lang='lat' dir='ltr'><strong>rebus</strong></span> <span class='ocrx_word' id='word_1_127' title='bbox 981 1118 1178 1172; x_wconf 83' lang='lat' dir='ltr'><strong>exposita</strong></span> <span class='ocrx_word' id='word_1_128' title='bbox 1217 1124 1330 1158; x_wconf 89' lang='lat' dir='ltr'><strong>sunt.</strong></span> <span class='ocrx_word' id='word_1_129' title='bbox 1397 1115 1569 1172; x_wconf 82' lang='lat' dir='ltr'><strong>Quippe</strong></span> 
     </span>
     <span class='ocr_line' id='line_1_19' title="bbox 248 1172 1569 1216; baseline -0.003 0"><span class='ocrx_word' id='word_1_130' title='bbox 248 1175 317 1216; x_wconf 89' lang='lat' dir='ltr'><strong>hic</strong></span> <span class='ocrx_word' id='word_1_131' title='bbox 348 1173 450 1216; x_wconf 72' lang='lat' dir='ltr'><strong>totav</strong></span> <span class='ocrx_word' id='word_1_132' title='bbox 469 1174 651 1216; x_wconf 89' lang='lat' dir='ltr'><strong>hominis</strong></span> <span class='ocrx_word' id='word_1_133' title='bbox 680 1176 769 1215; x_wconf 88' lang='lat' dir='ltr'><strong>vita</strong></span> <span class='ocrx_word' id='word_1_134' title='bbox 801 1172 1068 1216; x_wconf 85' lang='lat' dir='ltr'><strong>educationis</strong></span> <span class='ocrx_word' id='word_1_135' title='bbox 1098 1179 1141 1214; x_wconf 89' lang='lat' dir='ltr'><strong>et</strong></span> <span class='ocrx_word' id='word_1_136' title='bbox 1159 1172 1435 1214; x_wconf 87' lang='lat' dir='ltr'><strong>institutionis</strong></span> <span class='ocrx_word' id='word_1_137' title='bbox 1465 1187 1569 1214; x_wconf 87' lang='lat' dir='ltr'><strong>cura</strong></span> 
     </span>
     <span class='ocr_line' id='line_1_20' title="bbox 247 1228 1568 1286; baseline -0.003 -13"><span class='ocrx_word' id='word_1_138' title='bbox 247 1230 640 1286; x_wconf 85' lang='lat' dir='ltr'><strong>comprehenditur3</strong></span> <span class='ocrx_word' id='word_1_139' title='bbox 680 1230 804 1271; x_wconf 90' lang='lat' dir='ltr'><strong>aliam</strong></span> <span class='ocrx_word' id='word_1_140' title='bbox 843 1236 985 1271; x_wconf 87' lang='lat' dir='ltr'><strong>autem</strong></span> <span class='ocrx_word' id='word_1_141' title='bbox 1013 1229 1218 1271; x_wconf 84' lang='lat' dir='ltr'><strong>rationem</strong></span> <span class='ocrx_word' id='word_1_142' title='bbox 1247 1228 1430 1270; x_wconf 84' lang='lat' dir='ltr'><strong>vidimus</strong></span> <span class='ocrx_word' id='word_1_143' title='bbox 1459 1228 1568 1270; x_wconf 90' lang='lat' dir='ltr'><strong>obti-</strong></span> 
     </span>
     <span class='ocr_line' id='line_1_21' title="bbox 247 1284 1567 1340; baseline -0.003 -12"><span class='ocrx_word' id='word_1_144' title='bbox 247 1302 348 1329; x_wconf 87' lang='lat' dir='ltr'><strong>nere</strong></span> <span class='ocrx_word' id='word_1_145' title='bbox 387 1287 495 1328; x_wconf 88' lang='lat' dir='ltr'><strong>libro</strong></span> <span class='ocrx_word' id='word_1_146' title='bbox 533 1285 747 1333; x_wconf 80' lang='lat' dir='ltr'><strong>secundo,</strong></span> <span class='ocrx_word' id='word_1_147' title='bbox 786 1286 860 1328; x_wconf 90' lang='lat' dir='ltr'><strong>ubi</strong></span> <span class='ocrx_word' id='word_1_148' title='bbox 899 1285 1126 1340; x_wconf 87' lang='lat' dir='ltr'><strong>praecipue</strong></span> <span class='ocrx_word' id='word_1_149' title='bbox 1165 1284 1218 1326; x_wconf 91' lang='lat' dir='ltr'><strong>de</strong></span> <span class='ocrx_word' id='word_1_150' title='bbox 1262 1284 1567 1339; x_wconf 83' lang='lat' dir='ltr'><strong>temperantiae</strong></span> 
     </span>
     <span class='ocr_line' id='line_1_22' title="bbox 249 1338 1567 1397; baseline -0.003 -13"><span class='ocrx_word' id='word_1_151' title='bbox 249 1342 508 1385; x_wconf 81' lang='lat' dir='ltr'><strong>exercendae</strong></span> <span class='ocrx_word' id='word_1_152' title='bbox 548 1342 689 1396; x_wconf 76' lang='lat' dir='ltr'><strong>agitur</strong></span> <span class='ocrx_word' id='word_1_153' title='bbox 726 1341 963 1397; x_wconf 86' lang='lat' dir='ltr'><strong>disciplina.</strong></span> <span class='ocrx_word' id='word_1_154' title='bbox 1029 1340 1147 1396; x_wconf 84' lang='lat' dir='ltr'><strong>Ergo</strong></span> <span class='ocrx_word' id='word_1_155' title='bbox 1177 1338 1230 1381; x_wconf 70' lang='lat' dir='ltr'><strong>&#39;in</strong></span> <span class='ocrx_word' id='word_1_156' title='bbox 1269 1340 1334 1381; x_wconf 87' lang='lat' dir='ltr'><strong>his</strong></span> <span class='ocrx_word' id='word_1_157' title='bbox 1374 1338 1567 1381; x_wconf 90' lang='lat' dir='ltr'><strong>videmus</strong></span> 
     </span>
     <span class='ocr_line' id='line_1_23' title="bbox 248 1394 1567 1454; baseline -0.003 -14"><span class='ocrx_word' id='word_1_158' title='bbox 248 1398 482 1441; x_wconf 85' lang='lat' dir='ltr'><strong>orationem</strong></span> <span class='ocrx_word' id='word_1_159' title='bbox 513 1413 538 1438; x_wconf 87' lang='lat' dir='ltr'><strong>a</strong></span> <span class='ocrx_word' id='word_1_160' title='bbox 566 1398 818 1439; x_wconf 89' lang='lat' dir='ltr'><strong>familiarum</strong></span> <span class='ocrx_word' id='word_1_161' title='bbox 849 1404 978 1451; x_wconf 89' lang='lat' dir='ltr'><strong>atque</strong></span> <span class='ocrx_word' id='word_1_162' title='bbox 1008 1397 1197 1454; x_wconf 85' lang='lat' dir='ltr'><strong>gentium</strong></span> <span class='ocrx_word' id='word_1_163' title='bbox 1228 1396 1462 1437; x_wconf 87' lang='lat' dir='ltr'><strong>rationibus</strong></span> <span class='ocrx_word' id='word_1_164' title='bbox 1494 1394 1567 1436; x_wconf 92' lang='lat' dir='ltr'><strong>de-</strong></span> 
     </span>
     <span class='ocr_line' id='line_1_24' title="bbox 249 1451 1567 1509; baseline -0.003 -13"><span class='ocrx_word' id='word_1_165' title='bbox 249 1453 448 1496; x_wconf 89' lang='lat' dir='ltr'><strong>finiendis</strong></span> <span class='ocrx_word' id='word_1_166' title='bbox 488 1453 687 1509; x_wconf 80' lang='lat' dir='ltr'><strong>progredi</strong></span> <span class='ocrx_word' id='word_1_167' title='bbox 726 1453 780 1494; x_wconf 91' lang='lat' dir='ltr'><strong>ad</strong></span> <span class='ocrx_word' id='word_1_168' title='bbox 819 1453 1113 1494; x_wconf 87' lang='lat' dir='ltr'><strong>educationem</strong></span> <span class='ocrx_word' id='word_1_169' title='bbox 1143 1459 1270 1506; x_wconf 91' lang='lat' dir='ltr'><strong>atque</strong></span> <span class='ocrx_word' id='word_1_170' title='bbox 1301 1451 1567 1507; x_wconf 80' lang='lat' dir='ltr'><strong>disciplinam</strong></span> 
     </span>
     <span class='ocr_line' id='line_1_25' title="bbox 247 1508 1566 1564; baseline -0.003 -12"><span class='ocrx_word' id='word_1_171' title='bbox 247 1510 520 1564; x_wconf 88' lang='lat' dir='ltr'><strong>eiusdemque</strong></span> <span class='ocrx_word' id='word_1_172' title='bbox 558 1509 824 1563; x_wconf 83' lang='lat' dir='ltr'><strong>adiumenta;</strong></span> <span class='ocrx_word' id='word_1_173' title='bbox 869 1510 911 1550; x_wconf 86' lang='lat' dir='ltr'><strong>in</strong></span> <span class='ocrx_word' id='word_1_174' title='bbox 960 1523 1046 1563; x_wconf 84' lang='lat' dir='ltr'><strong>qua</strong></span> <span class='ocrx_word' id='word_1_175' title='bbox 1084 1508 1246 1549; x_wconf 81' lang='lat' dir='ltr'><strong>ratione</strong></span> <span class='ocrx_word' id='word_1_176' title='bbox 1293 1514 1406 1549; x_wconf 83' lang='lat' dir='ltr'><strong>certe</strong></span> <span class='ocrx_word' id='word_1_177' title='bbox 1442 1522 1566 1548; x_wconf 88' lang='lat' dir='ltr'><strong>nemo</strong></span> 
     </span>
     <span class='ocr_line' id='line_1_26' title="bbox 245 1562 1567 1621; baseline -0.004 -12"><span class='ocrx_word' id='word_1_178' title='bbox 245 1574 403 1610; x_wconf 90' lang='lat' dir='ltr'><strong>temere</strong></span> <span class='ocrx_word' id='word_1_179' title='bbox 433 1565 666 1621; x_wconf 89' lang='lat' dir='ltr'><strong>quidquam</strong></span> <span class='ocrx_word' id='word_1_180' title='bbox 696 1565 977 1620; x_wconf 87' lang='lat' dir='ltr'><strong>reprehendet</strong></span> <span class='ocrx_word' id='word_1_181' title='bbox 1005 1570 1173 1619; x_wconf 86' lang='lat' dir='ltr'><strong>praeter</strong></span> <span class='ocrx_word' id='word_1_182' title='bbox 1199 1564 1316 1617; x_wconf 87' lang='lat' dir='ltr'><strong>illos,</strong></span> <span class='ocrx_word' id='word_1_183' title='bbox 1350 1563 1422 1618; x_wconf 91' lang='lat' dir='ltr'><strong>qui</strong></span> <span class='ocrx_word' id='word_1_184' title='bbox 1453 1562 1567 1618; x_wconf 91' lang='lat' dir='ltr'><strong>quod</strong></span> 
     </span>
     <span class='ocr_line' id='line_1_27' title="bbox 246 1619 1566 1677; baseline -0.004 -12"><span class='ocrx_word' id='word_1_185' title='bbox 246 1638 332 1665; x_wconf 90' lang='lat' dir='ltr'><strong>non</strong></span> <span class='ocrx_word' id='word_1_186' title='bbox 368 1627 435 1663; x_wconf 85' lang='lat' dir='ltr'><strong>est</strong></span> <span class='ocrx_word' id='word_1_187' title='bbox 464 1621 728 1677; x_wconf 87' lang='lat' dir='ltr'><strong>disputatum</strong></span> <span class='ocrx_word' id='word_1_188' title='bbox 760 1621 1045 1673; x_wconf 85' lang='lat' dir='ltr'><strong>reconditius,</strong></span> <span class='ocrx_word' id='word_1_189' title='bbox 1076 1620 1316 1662; x_wconf 86' lang='lat' dir='ltr'><strong>abstrusius</strong></span> <span class='ocrx_word' id='word_1_190' title='bbox 1348 1626 1389 1660; x_wconf 88' lang='lat' dir='ltr'><strong>et</strong></span> <span class='ocrx_word' id='word_1_191' title='bbox 1414 1619 1566 1660; x_wconf 91' lang='lat' dir='ltr'><strong>obscu-</strong></span> 
     </span>
     <span class='ocr_line' id='line_1_28' title="bbox 246 1676 1565 1733; baseline -0.004 -13"><span class='ocrx_word' id='word_1_192' title='bbox 246 1680 351 1732; x_wconf 89' lang='lat' dir='ltr'><strong>rius,</strong></span> <span class='ocrx_word' id='word_1_193' title='bbox 380 1677 425 1719; x_wconf 89' lang='lat' dir='ltr'><strong>id</strong></span> <span class='ocrx_word' id='word_1_194' title='bbox 454 1685 656 1733; x_wconf 86' lang='lat' dir='ltr'><strong>protenus</strong></span> <span class='ocrx_word' id='word_1_195' title='bbox 685 1676 863 1718; x_wconf 89' lang='lat' dir='ltr'><strong>Platone</strong></span> <span class='ocrx_word' id='word_1_196' title='bbox 893 1677 1115 1731; x_wconf 81' lang='lat' dir='ltr'><strong>indignum</strong></span> <span class='ocrx_word' id='word_1_197' title='bbox 1146 1691 1240 1717; x_wconf 89' lang='lat' dir='ltr'><strong>esse</strong></span> <span class='ocrx_word' id='word_1_198' title='bbox 1264 1676 1565 1717; x_wconf 87' lang='lat' dir='ltr'><strong>vociferantur.</strong></span> 
     </span>
     <span class='ocr_line' id='line_1_29' title="bbox 247 1731 1566 1789; baseline -0.002 -13"><span class='ocrx_word' id='word_1_199' title='bbox 247 1735 329 1777; x_wconf 91' lang='lat' dir='ltr'><strong>His</strong></span> <span class='ocrx_word' id='word_1_200' title='bbox 349 1749 452 1776; x_wconf 87' lang='lat' dir='ltr'><strong>vero</strong></span> <span class='ocrx_word' id='word_1_201' title='bbox 473 1733 703 1789; x_wconf 87' lang='lat' dir='ltr'><strong>expromtis</strong></span> <span class='ocrx_word' id='word_1_202' title='bbox 724 1733 894 1775; x_wconf 89' lang='lat' dir='ltr'><strong>Libro</strong></span> <span class='ocrx_word' id='word_1_203' title='bbox 925 1732 1082 1776; x_wconf 92' lang='lat' dir='ltr'><strong>VIII.</strong></span> <span class='ocrx_word' id='word_1_204' title='bbox 1113 1748 1155 1786; x_wconf 90' lang='lat' dir='ltr'><strong>p.</strong></span> <span class='ocrx_word' id='word_1_205' title='bbox 1187 1731 1490 1773; x_wconf 53' lang='lat' dir='ltr'><strong>{Hs—842.</strong></span> <span class='ocrx_word' id='word_1_206' title='bbox 1515 1731 1566 1773; x_wconf 88' lang='lat' dir='ltr'><strong>B.</strong></span> 
     </span>
     <span class='ocr_line' id='line_1_30' title="bbox 247 1786 1566 1846; baseline -0.004 -15"><span class='ocrx_word' id='word_1_207' title='bbox 247 1791 517 1846; x_wconf 86' lang='lat' dir='ltr'><strong>attinguntur</strong></span> <span class='ocrx_word' id='word_1_208' title='bbox 531 1805 595 1842; x_wconf 83' lang='lat' dir='ltr'><strong>ea,</strong></span> <span class='ocrx_word' id='word_1_209' title='bbox 615 1804 724 1843; x_wconf 87' lang='lat' dir='ltr'><strong>quae</strong></span> <span class='ocrx_word' id='word_1_210' title='bbox 739 1787 1038 1844; x_wconf 81' lang='lat' dir='ltr'><strong>proximecum</strong></span> <span class='ocrx_word' id='word_1_211' title='bbox 1056 1788 1139 1829; x_wconf 89' lang='lat' dir='ltr'><strong>illis</strong></span> <span class='ocrx_word' id='word_1_212' title='bbox 1156 1787 1402 1836; x_wconf 82' lang='lat' dir='ltr'><strong>cohaerent3</strong></span> <span class='ocrx_word' id='word_1_213' title='bbox 1420 1786 1566 1841; x_wconf 92' lang='lat' dir='ltr'><strong>dispu-</strong></span> 
     </span>
     <span class='ocr_line' id='line_1_31' title="bbox 246 1842 1567 1896; baseline -0.005 -8"><span class='ocrx_word' id='word_1_214' title='bbox 246 1853 359 1888; x_wconf 88' lang='lat' dir='ltr'><strong>tatur</strong></span> <span class='ocrx_word' id='word_1_215' title='bbox 389 1846 499 1887; x_wconf 90' lang='lat' dir='ltr'><strong>enim</strong></span> <span class='ocrx_word' id='word_1_216' title='bbox 531 1845 582 1886; x_wconf 92' lang='lat' dir='ltr'><strong>de</strong></span> <span class='ocrx_word' id='word_1_217' title='bbox 612 1846 746 1887; x_wconf 85' lang='lat' dir='ltr'><strong>saeris</strong></span> <span class='ocrx_word' id='word_1_218' title='bbox 775 1851 815 1886; x_wconf 89' lang='lat' dir='ltr'><strong>et</strong></span> <span class='ocrx_word' id='word_1_219' title='bbox 843 1845 954 1886; x_wconf 86' lang='lat' dir='ltr'><strong>ludis</strong></span> <span class='ocrx_word' id='word_1_220' title='bbox 984 1844 1264 1896; x_wconf 84' lang='lat' dir='ltr'><strong>solemnibus,</strong></span> <span class='ocrx_word' id='word_1_221' title='bbox 1304 1857 1412 1895; x_wconf 91' lang='lat' dir='ltr'><strong>quae</strong></span> <span class='ocrx_word' id='word_1_222' title='bbox 1443 1842 1567 1895; x_wconf 89' lang='lat' dir='ltr'><strong>quasi</strong></span> 
     </span>
     <span class='ocr_line' id='line_1_32' title="bbox 247 1897 1566 1959; baseline -0.005 -15"><span class='ocrx_word' id='word_1_223' title='bbox 247 1908 495 1959; x_wconf 88' lang='lat' dir='ltr'><strong>perpetuam</strong></span> <span class='ocrx_word' id='word_1_224' title='bbox 526 1901 737 1954; x_wconf 84' lang='lat' dir='ltr'><strong>quandam</strong></span> <span class='ocrx_word' id='word_1_225' title='bbox 767 1902 900 1943; x_wconf 89' lang='lat' dir='ltr'><strong>totius</strong></span> <span class='ocrx_word' id='word_1_226' title='bbox 927 1901 1114 1942; x_wconf 86' lang='lat' dir='ltr'><strong>civitatis</strong></span> <span class='ocrx_word' id='word_1_227' title='bbox 1138 1898 1346 1940; x_wconf 83' lang='lat' dir='ltr'><strong>educandi</strong></span> <span class='ocrx_word' id='word_1_228' title='bbox 1378 1897 1566 1951; x_wconf 84' lang='lat' dir='ltr'><strong>discipli-</strong></span> 
     </span>
     <span class='ocr_line' id='line_1_33' title="bbox 246 1955 1566 2000; baseline -0.005 0"><span class='ocrx_word' id='word_1_229' title='bbox 246 1974 345 2000; x_wconf 90' lang='lat' dir='ltr'><strong>nam</strong></span> <span class='ocrx_word' id='word_1_230' title='bbox 365 1957 569 1999; x_wconf 85' lang='lat' dir='ltr'><strong>efficiunt.</strong></span> <span class='ocrx_word' id='word_1_231' title='bbox 605 1957 714 1998; x_wconf 86' lang='lat' dir='ltr'><strong>Tum</strong></span> <span class='ocrx_word' id='word_1_232' title='bbox 735 1963 875 1998; x_wconf 86' lang='lat' dir='ltr'><strong>autem</strong></span> <span class='ocrx_word' id='word_1_233' title='bbox 898 1956 950 1998; x_wconf 92' lang='lat' dir='ltr'><strong>de</strong></span> <span class='ocrx_word' id='word_1_234' title='bbox 970 1957 1187 1998; x_wconf 78' lang='lat' dir='ltr'><strong>civiumet</strong></span> <span class='ocrx_word' id='word_1_235' title='bbox 1216 1955 1326 1995; x_wconf 86' lang='lat' dir='ltr'><strong>inter</strong></span> <span class='ocrx_word' id='word_1_236' title='bbox 1354 1969 1399 1995; x_wconf 91' lang='lat' dir='ltr'><strong>se</strong></span> <span class='ocrx_word' id='word_1_237' title='bbox 1421 1960 1566 1994; x_wconf 88' lang='lat' dir='ltr'><strong>mutua</strong></span> 
     </span>
     <span class='ocr_line' id='line_1_34' title="bbox 247 2010 1567 2067; baseline -0.005 -11"><span class='ocrx_word' id='word_1_238' title='bbox 247 2020 291 2056; x_wconf 86' lang='lat' dir='ltr'><strong>et</strong></span> <span class='ocrx_word' id='word_1_239' title='bbox 313 2029 409 2056; x_wconf 87' lang='lat' dir='ltr'><strong>cum</strong></span> <span class='ocrx_word' id='word_1_240' title='bbox 427 2013 579 2056; x_wconf 90' lang='lat' dir='ltr'><strong>vicinis</strong></span> <span class='ocrx_word' id='word_1_241' title='bbox 596 2012 767 2055; x_wconf 89' lang='lat' dir='ltr'><strong>vivendi</strong></span> <span class='ocrx_word' id='word_1_242' title='bbox 787 2012 952 2055; x_wconf 88' lang='lat' dir='ltr'><strong>ratione</strong></span> <span class='ocrx_word' id='word_1_243' title='bbox 972 2012 1110 2067; x_wconf 90' lang='lat' dir='ltr'><strong>deque</strong></span> <span class='ocrx_word' id='word_1_244' title='bbox 1128 2010 1418 2053; x_wconf 86' lang='lat' dir='ltr'><strong>communibus</strong></span> <span class='ocrx_word' id='word_1_245' title='bbox 1434 2023 1567 2064; x_wconf 85' lang='lat' dir='ltr'><strong>nego-</strong></span> 
     </span>
     <span class='ocr_line' id='line_1_35' title="bbox 247 2069 1565 2124; baseline -0.005 -14"><span class='ocrx_word' id='word_1_246' title='bbox 247 2070 320 2111; x_wconf 88' lang='lat' dir='ltr'><strong>tiis</strong></span> <span class='ocrx_word' id='word_1_247' title='bbox 360 2076 403 2110; x_wconf 91' lang='lat' dir='ltr'><strong>et</strong></span> <span class='ocrx_word' id='word_1_248' title='bbox 444 2070 706 2111; x_wconf 87' lang='lat' dir='ltr'><strong>commerciis</strong></span> <span class='ocrx_word' id='word_1_249' title='bbox 747 2069 909 2124; x_wconf 80' lang='lat' dir='ltr'><strong>agitur,</strong></span> <span class='ocrx_word' id='word_1_250' title='bbox 948 2069 1300 2122; x_wconf 79' lang='lat' dir='ltr'><strong>attingunturque</strong></span> <span class='ocrx_word' id='word_1_251' title='bbox 1340 2079 1411 2117; x_wconf 86' lang='lat' dir='ltr'><strong>ea,</strong></span> <span class='ocrx_word' id='word_1_252' title='bbox 1456 2078 1565 2118; x_wconf 89' lang='lat' dir='ltr'><strong>quae</strong></span> 
     </span>
     <span class='ocr_line' id='line_1_36' title="bbox 247 2121 1563 2178; baseline -0.005 -11"><span class='ocrx_word' id='word_1_253' title='bbox 247 2124 406 2167; x_wconf 89' lang='lat' dir='ltr'><strong>homini</strong></span> <span class='ocrx_word' id='word_1_254' title='bbox 433 2132 532 2166; x_wconf 88' lang='lat' dir='ltr'><strong>nato</strong></span> <span class='ocrx_word' id='word_1_255' title='bbox 562 2131 690 2178; x_wconf 85' lang='lat' dir='ltr'><strong>atque</strong></span> <span class='ocrx_word' id='word_1_256' title='bbox 719 2124 900 2166; x_wconf 85' lang='lat' dir='ltr'><strong>educato</strong></span> <span class='ocrx_word' id='word_1_257' title='bbox 930 2124 972 2165; x_wconf 93' lang='lat' dir='ltr'><strong>in</strong></span> <span class='ocrx_word' id='word_1_258' title='bbox 999 2123 1112 2165; x_wconf 88' lang='lat' dir='ltr'><strong>civili</strong></span> <span class='ocrx_word' id='word_1_259' title='bbox 1141 2121 1357 2164; x_wconf 90' lang='lat' dir='ltr'><strong>hominum</strong></span> <span class='ocrx_word' id='word_1_260' title='bbox 1376 2135 1563 2161; x_wconf 89' lang='lat' dir='ltr'><strong>commu-</strong></span> 
     </span>
     <span class='ocr_line' id='line_1_37' title="bbox 246 2175 1564 2235; baseline -0.005 -12"><span class='ocrx_word' id='word_1_261' title='bbox 246 2182 380 2223; x_wconf 81' lang='lat' dir='ltr'><strong>nitate</strong></span> <span class='ocrx_word' id='word_1_262' title='bbox 410 2195 487 2235; x_wconf 89' lang='lat' dir='ltr'><strong>per</strong></span> <span class='ocrx_word' id='word_1_263' title='bbox 514 2186 648 2221; x_wconf 89' lang='lat' dir='ltr'><strong>totam</strong></span> <span class='ocrx_word' id='word_1_264' title='bbox 676 2180 806 2221; x_wconf 90' lang='lat' dir='ltr'><strong>vitam</strong></span> <span class='ocrx_word' id='word_1_265' title='bbox 837 2179 1103 2222; x_wconf 85' lang='lat' dir='ltr'><strong>observanda</strong></span> <span class='ocrx_word' id='word_1_266' title='bbox 1136 2183 1248 2220; x_wconf 87' lang='lat' dir='ltr'><strong>sunt.</strong></span> <span class='ocrx_word' id='word_1_267' title='bbox 1306 2175 1430 2229; x_wconf 80' lang='lat' dir='ltr'><strong>Quae</strong></span> <span class='ocrx_word' id='word_1_268' title='bbox 1461 2191 1564 2231; x_wconf 90' lang='lat' dir='ltr'><strong>qua-</strong></span> 
     </span>
     <span class='ocr_line' id='line_1_38' title="bbox 245 2233 1565 2289; baseline -0.005 -10"><span class='ocrx_word' id='word_1_269' title='bbox 245 2238 304 2279; x_wconf 85' lang='lat' dir='ltr'><strong>lia</strong></span> <span class='ocrx_word' id='word_1_270' title='bbox 340 2237 447 2289; x_wconf 84' lang='lat' dir='ltr'><strong>sint,</strong></span> <span class='ocrx_word' id='word_1_271' title='bbox 487 2235 557 2277; x_wconf 91' lang='lat' dir='ltr'><strong>hic</strong></span> <span class='ocrx_word' id='word_1_272' title='bbox 596 2236 748 2277; x_wconf 88' lang='lat' dir='ltr'><strong>iterare</strong></span> <span class='ocrx_word' id='word_1_273' title='bbox 786 2236 996 2278; x_wconf 87' lang='lat' dir='ltr'><strong>nolumus.</strong></span> <span class='ocrx_word' id='word_1_274' title='bbox 1065 2233 1178 2285; x_wconf 80' lang='lat' dir='ltr'><strong>Illud</strong></span> <span class='ocrx_word' id='word_1_275' title='bbox 1225 2248 1355 2274; x_wconf 86' lang='lat' dir='ltr'><strong>unum</strong></span> <span class='ocrx_word' id='word_1_276' title='bbox 1399 2238 1565 2273; x_wconf 89' lang='lat' dir='ltr'><strong>tantum</strong></span> 
     </span>
     <span class='ocr_line' id='line_1_39' title="bbox 246 2288 1563 2346; baseline -0.006 -10"><span class='ocrx_word' id='word_1_277' title='bbox 246 2293 460 2336; x_wconf 89' lang='lat' dir='ltr'><strong>monuisse</strong></span> <span class='ocrx_word' id='word_1_278' title='bbox 489 2291 664 2343; x_wconf 85' lang='lat' dir='ltr'><strong>iuvabit,</strong></span> <span class='ocrx_word' id='word_1_279' title='bbox 695 2291 809 2333; x_wconf 91' lang='lat' dir='ltr'><strong>hunc</strong></span> <span class='ocrx_word' id='word_1_280' title='bbox 839 2307 1010 2346; x_wconf 89' lang='lat' dir='ltr'><strong>quoque</strong></span> <span class='ocrx_word' id='word_1_281' title='bbox 1047 2305 1184 2332; x_wconf 89' lang='lat' dir='ltr'><strong>rerum</strong></span> <span class='ocrx_word' id='word_1_282' title='bbox 1224 2288 1414 2330; x_wconf 86' lang='lat' dir='ltr'><strong>ordinem</strong></span> <span class='ocrx_word' id='word_1_283' title='bbox 1446 2288 1563 2329; x_wconf 84' lang='lat' dir='ltr'><strong>Libr.</strong></span> 
     </span>
     <span class='ocr_line' id='line_1_40' title="bbox 248 2343 1563 2404; baseline -0.005 -14"><span class='ocrx_word' id='word_1_284' title='bbox 248 2350 283 2393; x_wconf 86' lang='grc' dir='ltr'><strong>Ι.</strong></span> <span class='ocrx_word' id='word_1_285' title='bbox 313 2364 356 2404; x_wconf 91' lang='lat' dir='ltr'><strong>p.</strong></span> <span class='ocrx_word' id='word_1_286' title='bbox 403 2349 499 2389; x_wconf 78' lang='lat'><strong>632.</strong></span> <span class='ocrx_word' id='word_1_287' title='bbox 546 2349 599 2389; x_wconf 88' lang='lat' dir='ltr'><strong>A.</strong></span> <span class='ocrx_word' id='word_1_288' title='bbox 639 2347 690 2388; x_wconf 89' lang='lat' dir='ltr'><strong>B.</strong></span> <span class='ocrx_word' id='word_1_289' title='bbox 739 2348 872 2389; x_wconf 90' lang='lat' dir='ltr'><strong>fuisse</strong></span> <span class='ocrx_word' id='word_1_290' title='bbox 918 2346 1248 2404; x_wconf 79' lang='lat' dir='ltr'><strong>praescriptum,</strong></span> <span class='ocrx_word' id='word_1_291' title='bbox 1297 2343 1563 2397; x_wconf 87' lang='lat' dir='ltr'><strong>eundemque</strong></span> 
     </span>
     <span class='ocr_line' id='line_1_41' title="bbox 247 2398 1563 2459; baseline -0.005 -13"><span class='ocrx_word' id='word_1_292' title='bbox 247 2419 342 2446; x_wconf 88' lang='lat' dir='ltr'><strong>esse</strong></span> <span class='ocrx_word' id='word_1_293' title='bbox 380 2403 560 2446; x_wconf 85' lang='lat' dir='ltr'><strong>maxime</strong></span> <span class='ocrx_word' id='word_1_294' title='bbox 589 2403 873 2458; x_wconf 88' lang='lat' dir='ltr'><strong>probabilem,</strong></span> <span class='ocrx_word' id='word_1_295' title='bbox 913 2400 1257 2459; x_wconf 88' lang='lat' dir='ltr'><strong>quandoquidem</strong></span> <span class='ocrx_word' id='word_1_296' title='bbox 1293 2405 1390 2454; x_wconf 90' lang='lat' dir='ltr'><strong>post</strong></span> <span class='ocrx_word' id='word_1_297' title='bbox 1420 2398 1563 2440; x_wconf 89' lang='lat' dir='ltr'><strong>dome-</strong></span> 
     </span>
     <span class='ocr_line' id='line_1_42' title="bbox 246 2455 1566 2516; baseline -0.006 -14"><span class='ocrx_word' id='word_1_298' title='bbox 246 2460 355 2503; x_wconf 78' lang='lat' dir='ltr'><strong>stica</strong></span> <span class='ocrx_word' id='word_1_299' title='bbox 390 2465 717 2502; x_wconf 89' lang='lat' dir='ltr'><strong>consentaneum</strong></span> <span class='ocrx_word' id='word_1_300' title='bbox 755 2458 838 2501; x_wconf 85' lang='lat' dir='ltr'><strong>suit</strong></span> <span class='ocrx_word' id='word_1_301' title='bbox 865 2459 1053 2516; x_wconf 84' lang='lat' dir='ltr'><strong>proxime</strong></span> <span class='ocrx_word' id='word_1_302' title='bbox 1082 2456 1321 2499; x_wconf 88' lang='lat' dir='ltr'><strong>communia</strong></span> <span class='ocrx_word' id='word_1_303' title='bbox 1350 2470 1399 2496; x_wconf 89' lang='lat' dir='ltr'><strong>ac</strong></span> <span class='ocrx_word' id='word_1_304' title='bbox 1425 2455 1566 2496; x_wconf 85' lang='lat' dir='ltr'><strong>civilia</strong></span> 
     </span>
     <span class='ocr_line' id='line_1_43' title="bbox 246 2511 1563 2571; baseline -0.005 -14"><span class='ocrx_word' id='word_1_305' title='bbox 246 2516 419 2558; x_wconf 88' lang='lat' dir='ltr'><strong>tractari</strong></span> <span class='ocrx_word' id='word_1_306' title='bbox 455 2516 640 2571; x_wconf 84' lang='lat' dir='ltr'><strong>negotia.</strong></span> <span class='ocrx_word' id='word_1_307' title='bbox 718 2515 806 2556; x_wconf 90' lang='lat' dir='ltr'><strong>Iam</strong></span> <span class='ocrx_word' id='word_1_308' title='bbox 854 2531 968 2557; x_wconf 12' lang='lat' dir='ltr'><strong>vero?</strong></span> <span class='ocrx_word' id='word_1_309' title='bbox 1000 2513 1146 2555; x_wconf 85' lang='lat' dir='ltr'><strong>habita</strong></span> <span class='ocrx_word' id='word_1_310' title='bbox 1192 2527 1333 2554; x_wconf 88' lang='lat' dir='ltr'><strong>eorum</strong></span> <span class='ocrx_word' id='word_1_311' title='bbox 1379 2511 1563 2552; x_wconf 88' lang='lat' dir='ltr'><strong>omnium</strong></span> 
     </span>
     <span class='ocr_line' id='line_1_44' title="bbox 247 2566 1563 2627; baseline -0.005 -14"><span class='ocrx_word' id='word_1_312' title='bbox 247 2572 424 2625; x_wconf 85' lang='lat' dir='ltr'><strong>ratione,</strong></span> <span class='ocrx_word' id='word_1_313' title='bbox 454 2586 562 2626; x_wconf 89' lang='lat' dir='ltr'><strong>quae</strong></span> <span class='ocrx_word' id='word_1_314' title='bbox 590 2570 796 2613; x_wconf 86' lang='lat' dir='ltr'><strong>hactenus</strong></span> <span class='ocrx_word' id='word_1_315' title='bbox 816 2571 1007 2627; x_wconf 79' lang='lat' dir='ltr'><strong>exposita</strong></span> <span class='ocrx_word' id='word_1_316' title='bbox 1035 2575 1150 2622; x_wconf 85' lang='lat' dir='ltr'><strong>sunt,</strong></span> <span class='ocrx_word' id='word_1_317' title='bbox 1181 2568 1415 2609; x_wconf 86' lang='lat' dir='ltr'><strong>rectissime</strong></span> <span class='ocrx_word' id='word_1_318' title='bbox 1446 2566 1563 2608; x_wconf 91' lang='lat' dir='ltr'><strong>dein-</strong></span> 
     </span>
     <span class='ocr_line' id='line_1_45' title="bbox 246 2623 1562 2683; baseline -0.006 -13"><span class='ocrx_word' id='word_1_319' title='bbox 246 2642 346 2683; x_wconf 89' lang='lat' dir='ltr'><strong>ceps</strong></span> <span class='ocrx_word' id='word_1_320' title='bbox 398 2628 514 2683; x_wconf 75' lang='lat' dir='ltr'><strong>leges</strong></span> <span class='ocrx_word' id='word_1_321' title='bbox 563 2626 889 2683; x_wconf 86' lang='lat' dir='ltr'><strong>promulgantur</strong></span> <span class='ocrx_word' id='word_1_322' title='bbox 937 2626 989 2668; x_wconf 88' lang='lat' dir='ltr'><strong>de</strong></span> <span class='ocrx_word' id='word_1_323' title='bbox 1035 2623 1283 2666; x_wconf 87' lang='lat' dir='ltr'><strong>criminibus</strong></span> <span class='ocrx_word' id='word_1_324' title='bbox 1333 2636 1562 2675; x_wconf 89' lang='lat' dir='ltr'><strong>eorumque</strong></span> 
     </span>
    </p>
   </div>
  </div>
 </body>
</html>
