1644 2886
267 127 527 168 XXXVIII
691 123 1166 167 PROLEGOMENA

269 238 451 280 indoles⁴
470 245 597 291 atque
636 242 814 287 natura,
854 241 1061 288 quantum
1102 233 1156 274 ad
1196 232 1500 288 disputationis
1529 233 1592 274 in-

270 294 446 335 stitutae
494 293 681 334 rationes
726 291 828 332 satis
875 291 968 331 fuit.
1057 290 1167 331 Nam
1229 289 1592 330 Lacedaemonius

273 349 446 403 quidem
485 346 747 402 Megillus
787 346 912 401 plane
957 346 1084 387 refert
1110 360 1249 386 mores
1281 346 1456 400 patrios.
1519 345 1594 385 Est

271 406 382 446 enim
414 405 574 459 patriae
606 417 708 444 suae
738 403 1066 444 amantissimus.
1127 401 1429 454 Quamobrem,
1463 416 1595 454 quan-

270 469 359 502 tum
396 460 488 501 fieri
518 464 682 513 potest,
724 458 884 513 patrias
915 458 1047 513 leges„
1077 458 1237 513 patrios
1266 471 1426 510 mores,
1459 457 1596 511 patria

259 517 465 558 'instituta
505 515 662 568 ubique
699 514 871 564 laudat,
908 513 1097 556 defendit
1127 528 1175 555 ac
1205 519 1369 563 tuetur3
1406 529 1444 554 v,
1476 513 1595 555 Libr.

272 573 305 614 l.
343 588 383 626 p.
416 573 496 612 636
526 586 619 625 sqq.
678 570 761 611 Est
788 572 886 611 item
917 569 1137 611 studiosus
1167 575 1342 625 argutae
1373 583 1598 609 nervosae-

271 643 355 682 que
393 627 760 681 breviloquentiae
809 628 875 681 (v.
920 626 1040 667 Libr.
1080 626 1111 668 I.
1154 642 1194 680 p.
1237 626 1356 678 641.)
1404 623 1596 678 adeoque

274 684 414 726 utitur
453 684 580 725 etiam
621 682 801 724 subinde
833 682 1023 723 formulis
1053 680 1255 736 loquendi
1286 687 1415 734 atque
1446 679 1597 720 dictio-

273 740 399 782 nibus
419 739 664 792 Laconicis,
695 744 744 780 ut
762 739 795 779 I.
826 754 867 794 p.
899 739 991 779 626.
1023 736 1072 778 C.
1092 739 1186 779 642.
1212 736 1261 777 C.
1292 753 1331 778 v,
1365 735 1596 777 Boeckh.

273 796 300 837 l.
336 811 372 838 c.
403 811 444 851 p.
477 797 542 836 70.
600 794 828 836 Praeterea
859 794 1030 836 excellit
1058 793 1215 834 maiore
1246 791 1429 846 quadam
1459 806 1598 832 rerum

274 853 504 908 patriarum
546 852 721 906 peritia,
777 857 823 892 ut
862 850 1032 892 omnino
1070 849 1322 903 neutiquam
1358 848 1599 889 incuriosus

274 923 367 951 esse
408 907 605 949 videatur
643 922 782 948 rerum
820 906 1019 947 civilium.
1087 904 1363 959 Quapropter
1401 904 1484 959 ipsi
1513 918 1599 943 me-

273 965 354 1005 rito
383 970 528 1018 partes
566 962 736 1005 dicendi
765 962 987 1018 primariae
1021 961 1333 1013 attribuuntur,
1373 959 1510 1001 sicubi
1549 958 1601 999 de

277 1020 403 1062 rebus
442 1018 876 1061 Lacedaemoniorum
925 1016 1220 1073 explicandum
1259 1023 1337 1057 est.
1418 1013 1602 1056 Accedit

278 1078 374 1128 huc,
406 1075 536 1129 quod,
568 1072 697 1130 quum
728 1075 785 1116 sit
814 1089 953 1115 rerum
977 1073 1207 1130 patriarum
1237 1071 1598 1122 studiosissimus,

275 1142 416 1174 tamen
449 1132 550 1172 item
601 1131 776 1172 aliarum
815 1130 1035 1171 civitatum
1081 1129 1194 1170 bona
1242 1128 1366 1182 aequi
1412 1127 1599 1180 bonique

277 1188 484 1230 aestimat.
561 1186 775 1241 Imprimis
826 1201 926 1227 vero
973 1185 1027 1226 de
1087 1183 1424 1225 Atheniensibus
1472 1183 1603 1224 sentit

275 1242 727 1294 honorificentissime,
767 1257 947 1296 quorum
988 1241 1190 1282 virtutem
1242 1240 1367 1294 plane
1415 1238 1601 1280 divinam

275 1299 501 1356 profitetur
536 1299 619 1340 iam
650 1297 750 1339 inde
780 1314 804 1339 a
832 1298 967 1353 prima
995 1296 1180 1351 pueritia
1217 1310 1310 1337 sese
1349 1294 1602 1336 admiratum

273 1371 383 1409 esse,
415 1354 760 1410 quandoquidem
805 1354 986 1395 maiores
1030 1352 1094 1394 sui
1132 1367 1226 1393 cum
1269 1350 1602 1392 Atheniensibus

275 1411 581 1467 hospitalitatis
610 1410 780 1451 viuculo
811 1408 1026 1450 coniuncti
1062 1408 1234 1449 fuerint.
1265 1423 1301 1448 v>
1337 1407 1455 1448 Libr.
1487 1407 1521 1446 1.
1561 1422 1601 1461 p.

277 1470 371 1509 642.
416 1468 468 1508 Β.
506 1482 570 1520 sq.
608 1468 754 1520 Atque
797 1481 849 1506 ex
886 1465 968 1506 hoc
996 1471 1212 1518 postremo
1242 1463 1446 1518 imprimis
1476 1462 1602 1503 etiam

277 1524 438 1566 clarum
478 1522 529 1563 fit
567 1537 617 1563 ac
659 1522 953 1577 perspicuum,
1002 1535 1078 1561 cur
1126 1526 1213 1560 tam
1261 1519 1458 1560 lubenter
1506 1533 1601 1559 cum

278 1579 533 1623 Atheniensi
573 1578 625 1619 de
662 1578 790 1619 rebus
836 1577 891 1618 ad
935 1576 1239 1631 rempublicam
1288 1574 1602 1629 pertinentibus

278 1635 599 1678 sermocinetur.
667 1634 817 1688 Itaque
858 1632 984 1674 huius
1026 1631 1197 1686 quidem
1242 1645 1377 1672 mores
1426 1641 1603 1686 apparet

280 1693 384 1734 satis
422 1697 601 1732 venuste
653 1704 876 1745 expressos
915 1703 1031 1741 esse,
1081 1694 1129 1728 ut
1178 1686 1232 1728 ad
1272 1686 1433 1741 dialogi
1470 1692 1603 1727 artem

280 1749 353 1790 vix
383 1746 619 1800 quidquam
650 1745 880 1787 desideres.

394 1805 459 1845 Ac
486 1802 677 1844 similiter
708 1802 834 1843 etiam
865 1800 1084 1842 Cliniae
1113 1798 1330 1840 Cretensis
1361 1796 1604 1852 depingitur

281 1859 446 1901 indoles
485 1865 526 1900 et
563 1858 795 1913 ingenium.
871 1857 952 1899 Est
990 1856 1099 1897 enim
1138 1856 1208 1896 ille
1254 1855 1298 1895 in
1345 1852 1604 1908 reipublicae

282 1915 648 1957 administratione
688 1928 843 1968 magna
880 1928 975 1954 cum
1015 1910 1140 1952 laude
1169 1916 1363 1952 versatus
1394 1916 1436 1949 et
1464 1923 1604 1949 rerum

281 1971 468 2014 civilium
507 1984 710 2026 perquam
750 1968 983 2010 studiosus.
1051 1966 1338 2020 Quamobrem
1374 1980 1398 2005 a
1438 1964 1603 2005 civibus

280 2028 372 2069 suis
414 2027 456 2067 id
495 2026 658 2082 negotii
697 2025 942 2066 mandatum
989 2023 1177 2079 accepit,
1225 2029 1274 2063 ut
1310 2020 1519 2063 coloniam
1559 2019 1604 2060 in

282 2083 538 2139 Magnetum
562 2089 720 2123 terram
750 2080 938 2122 deducat
978 2082 1154 2133 eiusque
1177 2077 1368 2120 coloniae
1388 2075 1604 2117 civitatem

284 2139 530 2180 constituat.
603 2137 816 2192 Imprimis
849 2144 988 2178 tamen
1018 2151 1156 2177 rerum
1189 2133 1416 2189 patriarum
1447 2146 1604 2188 gnarus

287 2201 376 2248 est,
407 2193 519 2235 unde
555 2193 670 2235 Libr.
702 2192 738 2234 I.
766 2208 808 2248 p.
840 2194 934 2234 (326.
979 2193 1029 2234 B.
1069 2189 1307 2247 appellatur
1346 2190 1484 2237 καλῶς
1539 2203 1604 2241 γε-

283 2254 586 2304 γυμνασμένος
622 2247 733 2302 πρὸς
779 2246 830 2291 τὸ
870 2250 1076 2291 διειδέναι
1103 2247 1156 2289 τὰ
1193 2247 1381 2298 Κρητῶν
1427 2242 1602 2297 νόμιμα.

285 2307 379 2348 Nec
428 2313 568 2347 tamen
618 2304 684 2346 his
719 2305 815 2345 unis
852 2305 912 2346 ita
960 2305 1098 2354 favet,
1138 2307 1187 2343 ut
1227 2301 1362 2342 aliena
1400 2299 1602 2355 negligat.

285 2363 376 2404 Imo
414 2377 498 2417 quo
536 2360 671 2402 maius
712 2367 777 2402 est
814 2375 966 2402 munus
1005 2359 1084 2414 ipsi
1116 2374 1140 2399 a
1174 2357 1336 2399 civibus
1370 2357 1458 2396 suis
1489 2370 1605 2396 man-

286 2418 455 2471 datum,
494 2423 612 2458 tanto
652 2417 809 2457 maiore
859 2416 1000 2458 studio
1042 2415 1094 2456 ab
1143 2412 1398 2455 Atheniensi
1437 2411 1604 2466 hospite

286 2474 431 2516 audire
470 2478 590 2525 avet,
630 2471 732 2526 quid
769 2473 839 2513 ille
872 2472 923 2513 de
953 2471 1138 2514 civitatis
1169 2484 1294 2523 quam
1327 2467 1604 2524 praestantis·

287 2531 418 2572 simae
457 2527 704 2571 condendae
744 2529 907 2570 ratione
945 2526 1110 2570 sentiat.
1181 2524 1467 2578 Quamobrem
1499 2522 1604 2564 adeo

287 2601 374 2628 non
419 2586 625 2641 fatigatur
661 2583 786 2625 huius
826 2583 1112 2634 sermonibus,
1160 2588 1208 2622 ut
1247 2581 1312 2622 vel
1352 2580 1482 2621 finitis
1520 2578 1604 2619 illis

286 2648 474 2684 extremo
512 2641 620 2682 libro
659 2639 911 2682 duodecimo
942 2654 1035 2681 eum
1066 2637 1187 2679 enixe
1219 2643 1364 2692 roget,
1397 2635 1497 2676 velit
1527 2634 1603 2675 sibi
