1644 2886
207 102 288 144 DE
323 98 600 144 LEGIBUS
634 97 753 140 LIB.
789 96 919 138 VIII.
955 96 1000 136 P.
1034 95 1128 145 830.
1162 93 1226 136 St.

1325 98 1408 139 415>

43 227 104 272 εὶς
142 220 222 264 τὸν
256 223 462 275 μέγιστον
498 234 586 261 των
619 214 807 272 ἀγώνων
840 213 1051 258 ἑκάστοτε
1081 212 1287 267 τολμησει
1324 228 1406 255 πα-

44 293 214 346 passm,
262 284 625 344 διαμαχούμενον
669 300 768 340 περι
814 283 965 344 ψυχῆς
1005 282 1080 324 καὶ
1129 281 1300 323 παίδων
1333 283 1406 323 καὶ

41 354 288 412 χρημάτων
322 372 398 398 και
432 351 541 405 ὅλης
578 354 659 405 τῆς
694 351 886 404 πόλεως,·
931 351 1006 393 καὶ
1052 349 1198 390 ταῦτα
1234 343 1289 400 δὴ
1325 365 1406 406 ‹yo—

45 425 212 479 βηθοὶς
246 420 397 465 αὐτῶν
431 418 457 465 ὁ
493 422 774 476 νομοθέτης,
822 417 877 461 τὰ
927 416 1041 473 πρὸς
1075 414 1299 467 ἀλλήλους
1333 432 1410 470 2¹1·

46 563 125 606 novt
149 566 263 605 ψυχῆς
295 574 341 595 τε
373 561 430 595 κεῗὶ
460 561 603 594 παίδων.

657 559 728 592 Sed
768 559 845 592 Par.
881 561 920 589 Α.
957 563 993 590 et
1024 569 1074 601 pr.
1114 556 1152 590 Ω.
1186 569 1266 592 cnm
1301 569 1409 600 marg.

46 610 142 643 Flor.
172 620 202 643 a.
227 613 308 652 post
335 611 450 651 ψυχῆς
475 618 543 642 om.
571 619 621 648 τε,
646 617 751 649 quam
782 605 968 639 lectionem
997 606 1127 646 primus
1145 607 1297 638 restituit
1319 606 1408 658 Bek-

47 657 164 690 kerus.

49 767 107 802 uis·
137 767 171 800 δὲ
206 763 285 799 οἶόν
315 775 409 798 τινας
443 777 473 798 κ.
500 777 526 798 t.
554 766 582 797 1..
631 767 692 798 At-

47 826 114 857 que
143 814 208 847 hoc
233 812 375 855 quidem
403 811 557 845 tenuisse
585 821 692 854 quum

48 862 115 894 inm
142 859 274 902 aliquid
300 859 473 891 facturum
497 866 640 900 sperare
655 859 693 890 ii-
716 896 725 904 Χ

49 912 129 940 ceat
160 906 204 939 ad
241 916 355 938 veram
390 905 456 937 ioci
487 905 695 947 interpreta-

47 955 199 990 tionem,·
228 956 299 984 tum
323 961 412 994 quae
436 950 542 983 modo
559 959 694 983 memo—

49 1000 205 1032 ravimus
229 998 354 1030 verbn:
386 994 446 1028 tois·
476 995 514 1028 δὲ
545 994 624 1029 οἶόν
650 1007 695 1027 u-

48 1053 113 1077 νασ
144 1046 280 1085 μείζους
316 1054 351 1076 ιε
381 1044 436 1075 καὶ
477 1041 542 1081 ἐλ.,
583 1043 616 1075 in
656 1042 697 1075 iis

49 1091 142 1133 quod
169 1091 290 1123 vitium
323 1090 453 1123 insedit
477 1090 697 1122 animadver-

50 1139 155 1177 tisse,
194 1140 291 1169 certe
323 1146 390 1168 non
418 1136 530 1168 minus
553 1134 698 1168 iuvabit.

50 1183 136 1216 Nam
184 1187 348 1224 corrupta
398 1183 457 1215 iiia
494 1191 592 1223 esse,
640 1180 696 1212 vel

50 1239 154 1262 nuum
188 1229 280 1261 istud
315 1225 394 1260 οἷον
426 1228 560 1270 arguit,
602 1226 695 1270 quod

50 1275 132 1317 quid
159 1284 248 1306 niinc
272 1275 337 1309 sibi
365 1274 468 1314 vent,
498 1274 593 1307 iuxta
618 1282 696 1305 curn

49 1321 277 1364 ignotissimis
298 1322 512 1362 ignoramus.
563 1320 610 1352 Ut
633 1318 696 1360 igi-

51 1374 107 1400 tur
141 1377 215 1399 rem
253 1367 349 1399 brevi
387 1366 607 1408 praecidam,
647 1366 696 1397 le-

50 1412 200 1455 gendum
238 1412 394 1445 videtur:
428 1411 502 1444 ῐάς
533 1411 578 1443 δὲ
609 1410 698 1443 ἐνο-

52 1459 226 1496 πλίους,
259 1460 439 1500 μείζους
469 1469 511 1490 τε
540 1470 573 1490 κ.
609 1469 635 1489 τ.
669 1458 696 1491 λ.

54 1504 190 1538 Etenim
207 1510 430 1546 opponuntur
449 1505 539 1537 inter
565 1515 603 1537 se
631 1504 699 1536 mi-

53 1561 157 1584 nores
184 1551 477 1592 exercitationes,
502 1560 592 1592 quse
617 1550 699 1581 abs-

53 1607 123 1639 que
148 1597 254 1629 armis
279 1597 382 1636 fiunt,
413 1600 448 1628 et
473 1595 699 1630 exercitatiu-

52 1653 116 1676 nes
139 1647 318 1684 armatae,
351 1652 441 1683 quae
466 1644 520 1675 vei
546 1642 700 1676 minores

52 1690 106 1722 vei
141 1689 292 1721 maiores
326 1698 405 1720 esse
436 1693 594 1730 possunt.
651 1687 699 1719 11·

53 1735 103 1768 ias
131 1735 237 1776 igitur
263 1733 493 1776 philosophus
525 1735 621 1767 iubet
648 1734 700 1765 in·

55 1781 152 1813 stitui
179 1781 356 1822 quotidie3
390 1779 453 1812 has
486 1782 559 1813 vult
583 1780 700 1821 singu-

54 1827 98 1859 iis
130 1827 309 1859 mensibus
339 1826 447 1858 semei
479 1827 604 1859 saitem
638 1825 702 1856 ha-

54 1871 140 1911 beri,
166 1872 239 1904 sive
265 1872 420 1903 maiores
445 1871 513 1904 sint
537 1871 612 1904 sive
636 1870 703 1902 mi-

56 1927 170 1950 nores.
235 1917 314 1949 Hoc
361 1917 466 1958 igitur
511 1916 700 1950 tenendum

57 1965 195 2006 opinor,
220 1962 391 2004 siqnidem
410 1964 475 1995 ioci
493 1963 700 1996 sententiam

57 2010 196 2052 penitus
239 2009 453 2042 voluerimus
487 2009 701 2052 perspicere.

57 2056 175 2097 Atque
202 2054 280 2087 inde
311 2055 414 2088 etiam
445 2059 615 2097 protenus
640 2065 701 2096 ap-

56 2101 207 2144 parebit,
234 2101 373 2143 opinor,
396 2110 465 2142 quo
482 2102 555 2134 iure
580 2101 701 2134 Asti-

56 2157 105 2179 us
151 2150 188 2180 et
231 2147 271 2179 C.
311 2146 377 2179 Fr.
419 2146 702 2180 Hermannus

58 2193 163 2226 verba
197 2204 230 2225 τε
262 2193 316 2224 καὶ
343 2190 504 2226 ἐλάττους
534 2191 702 2226 eiicienda

56 2239 255 2272 statuerint.
310 2239 502 2272 Enimvero
533 2240 563 2271 si
595 2239 703 2271 unum

57 2284 335 2318 additamentum
362 2285 486 2319 iniuria
512 2285 543 2317 in
561 2290 702 2317 contro—

56 2322 204 2364 versiam
230 2336 286 2363 est
310 2335 492 2372 vocatum,
518 2335 614 2364 certe
640 2330 704 2364 hoc

57 2375 167 2414 fideti
200 2377 324 2416 debet,
357 2377 450 2418 quod
486 2377 529 2410 ad
566 2381 703 2410 senten-

57 2419 141 2457 tiam
179 2427 235 2456 est
271 2424 377 2466 longe
418 2423 703 2457 convenientissi-

60 2476 168 2503 mum.
219 2469 293 2502 Iam
327 2479 410 2502 vero
446 2468 610 2512 deinceps
642 2479 704 2502 no-

60 2522 139 2546 vum
175 2514 364 2548 admissum
390 2515 621 2548 anacoluthon
654 2515 703 2547 vi-

62 2558 177 2591 detur.
232 2559 318 2593 Nam
357 2571 420 2603 pro
457 2564 705 2607 σφαιρομαχεῖν

61 2615 105 2644 ra,
129 2606 291 2646 quoniam
320 2604 407 2640 haec
430 2609 535 2641 verba
553 2603 704 2642 iliustra-

61 2650 147 2683 tioui
179 2649 360 2685 verborum
398 2655 558 2695 proxime
595 2664 702 2696 supe-

62 2695 208 2731 riorum
244 2697 300 2728 καὶ
332 2697 445 2731 πᾶσαν
479 2711 545 2740 μιμ.
574 2720 615 2724 -
646 2698 702 2732 51-

763 772 847 805 ιως,
878 762 1092 802 inserviunt,
1125 763 1190 796 dici
1225 764 1412 806 oportebat

763 812 882 852 utIque
909 807 1234 850 σφαιρομαχοῦνιᾰς
1265 822 1308 843 τε.
1367 813 1412 843 At

765 867 848 889 vero
874 857 1024 898 scriptor
1050 855 1102 888 hic
1125 857 1281 890 similiter
1305 862 1412 899 atque

762 907 866 936 antea
903 902 947 934 ab
977 911 1041 933 usu
1068 903 1240 943 participii
1271 903 1412 936 deflexit

764 953 799 982 et
824 949 867 980 nd
894 948 1092 980 infinitivum
1121 950 1275 988 traiisiit,
1306 959 1409 992 quem

766 996 894 1034 voluit,
943 993 1087 1036 opinor,
1138 1005 1180 1027 ex
1227 994 1411 1037 προςιιίξυ

765 1040 930 1084 pendere.
957 1039 1062 1074 Quod
1078 1039 1108 1071 si
1121 1042 1275 1082 quaeris,
1286 1052 1411 1084 quam-

764 1089 886 1121 obrem
913 1087 960 1119 ita
987 1085 1132 1126 fecerit,
1166 1089 1351 1130 responsio
1375 1089 1410 1120 in

765 1137 901 1177 promtu
935 1136 1001 1165 est.
1059 1131 1146 1165 Nam
1180 1133 1236 1166 hic
1270 1144 1412 1177 quoqne

765 1181 956 1213 molestum
998 1179 1226 1220 complurium
1267 1181 1412 1222 partici-

766 1227 902 1269 piorum
929 1234 1135 1258 concursum
1164 1226 1274 1259 vitate
1300 1231 1335 1259 et
1359 1227 1409 1272 in-

764 1272 884 1307 finitivi
924 1281 989 1304 usn
1029 1272 1186 1313 quamvis
1228 1272 1412 1305 Iicentiore

765 1325 931 1360 tanquam
957 1322 1154 1359 temperare
1179 1318 1324 1353 studuit.
1359 1318 1412 1351 Ad

766 1366 856 1398 haec
889 1365 1003 1397 omnia
1035 1368 1153 1396 antem
1187 1365 1220 1397 in
1247 1365 1323 1406 ipso
1351 1376 1412 1407 pe-

767 1410 857 1444 riodi
890 1411 982 1442 exitu
1015 1410 1119 1442 etiam
1158 1411 1295 1443 accedit
1328 1412 1413 1444 iibe-

766 1458 839 1491 rior
851 1455 996 1488 subiecti
1011 1456 1172 1489 mutatio.
1187 1456 1287 1490 zN'am
1305 1467 1411 1499 quum

768 1504 951 1536 verborum
992 1503 1150 1543 γίγνηται
1189 1507 1224 1534 et
1263 1504 1413 1546 δείματα

766 1552 898 1592 παρέχη
947 1549 1147 1580 subiectum
1189 1550 1236 1581 sit
1274 1548 1414 1587 παιδιαί,

766 1600 839 1628 tum
874 1593 919 1626 ad
954 1595 1220 1636 consequentis·
1256 1595 1315 1627 καὶ
1339 1599 1413 1632 τοῖς

767 1644 827 1686 μὲν
852 1638 959 1684 τιμάς
983 1659 1028 1664 -—-
1053 1639 1299 1684 παρασκευάζῃ
1327 1654 1413 1684 χρη-

770 1689 891 1731 σΙμην,
925 1696 1046 1718 rursus
1079 1685 1098 1718 ὅ
1131 1689 1331 1730 νομοθέτης
1361 1689 1413 1720 ἰη-

767 1733 871 1775 leiiigi
897 1736 1057 1774 oportet,
1082 1743 1172 1774 quae
1189 1738 1307 1767 tamen
1332 1733 1413 1766 snb·

767 1780 849 1812 iecti
875 1778 1022 1811 variatio
1041 1778 1190 1811 Graecis
1214 1780 1412 1822 neutiquam

770 1825 933 1858 inusitata
968 1827 1034 1857 est.
1083 1825 1203 1866 Atque
1227 1824 1315 1858 haec
1339 1826 1413 1868 qui·

769 1871 848 1903 dem
879 1869 923 1902 de
949 1869 1110 1902 universa
1147 1871 1295 1912 periodo
1321 1871 1415 1905 eius-

767 1927 836 1959 que
860 1920 1046 1948 structura.
1098 1916 1242 1957 Restat,
1277 1921 1316 1949 ut
1348 1917 1413 1950 aiia

767 1960 936 2004 quaedam
956 1962 999 1994 de
1019 1962 1162 2005 singuiis
1177 1963 1293 1996 verbis
1318 1973 1414 1997 com-

769 2008 943 2042 monenda
978 2008 1057 2039 sint.
1118 2008 1239 2050 ltaque
1272 2008 1316 2042 de
1341 2009 1414 2042 for-

770 2055 878 2093 muiut
905 2053 1060 2095 μάλιστα
1083 2057 1144 2097 μέν
1169 2073 1210 2078 ——
1239 2055 1290 2093 δέ,
1328 2065 1413 2088 con-

770 2098 1008 2138 anuas‘laege.
1036 2100 1096 2134 vi.
1124 2111 1157 2141 p.
1185 2100 1263 2136 7553.
1290 2101 1330 2134 C.
1362 2102 1416 2134 De

771 2147 862 2189 Rep.
902 2145 1001 2179 VIII.
1034 2157 1066 2189 p.
1100 2147 1181 2182 564.
1217 2147 1260 2180 B.
1299 2148 1416 2189 ibique

769 2203 847 2226 ann.
883 2192 971 2225 vlu.
1010 2203 1042 2235 p.
1074 2193 1154 2227 568.
1188 2194 1228 2226 C.
1266 2194 1310 2226 al.
1359 2194 1417 2227 De

769 2238 840 2283 ἄρα
878 2248 964 2271 vero
1005 2239 1071 2270 nb·
1097 2239 1193 2272 initio
1246 2240 1416 2272 enuntiati

770 2285 909 2327 longius
934 2289 1070 2317 remoto
1096 2291 1130 2318 et
1156 2291 1238 2328 post
1264 2286 1328 2318 οὐκ
1353 2285 1418 2318 de—

773 2341 864 2363 mum
898 2331 1106 2373 interposito
1145 2342 1175 2364 v.
1210 2336 1326 2364 annot.
1372 2332 1416 2364 ad

771 2377 908 2409 Poiitic.
942 2388 975 2419 p.
1009 2376 1089 2411 304.
1120 2377 1159 2410 C.
1193 2378 1251 2410 ubi
1282 2378 1414 2410 affatim

772 2424 1009 2465 exemplorum
1056 2423 1196 2457 dedisse
1246 2424 1415 2456 videmur.

774 2470 932 2511 Denique
964 2469 1022 2501 ἐπὶ
1053 2469 1251 2512 κατάληψιν
1279 2469 1415 2512 χωρίων

774 2528 805 2547 n.
837 2529 869 2546 τ.
906 2515 934 2547 λ.
971 2516 1220 2558 interpretare:
1259 2515 1312 2548 ad
1351 2526 1415 2552 ca-

776 2561 1009 2594 stellorum
1053 2562 1414 2604 occupationem,

780 2619 807 2640 s.
841 2611 887 2640 ut
919 2609 1108 2640 castella
1141 2609 1341 2650 capiant,
1376 2611 1419 2640 et

780 2657 951 2686 struant
975 2653 1180 2686 insidias.
1228 2653 1313 2687 Nam
1345 2655 1415 2688 iuf-

773 2700 858 2744 δρας
884 2709 949 2742 pro
973 2700 1174 2733 accusativo
1198 2700 1342 2742 pluralis
1369 2710 1411 2734 ex

1423 349 1484 391 I)
