1644 2886
221 77 303 119 DE
338 74 611 119 LEGIBUS
645 74 763 117 LIB.
801 73 903 116 VII.
939 75 984 116 P.
1020 75 1112 115 796.
1145 71 1210 116 St.

1338 71 1415 112 281

67 196 220 250 πάλης,
248 195 319 238 ἀπ’
347 194 541 250 αὐχένων
562 196 635 237 καὶ
661 195 818 250 χειρῶν
841 194 912 236 καὶ
939 193 1137 248 πλευρῶν
1163 189 1420 244 ἐξειλήσεως,

18 298 22 321 3
67 264 177 319 μετὰ
217 266 488 321 φιλονεικίας
530 278 575 305 τε
622 264 696 306 καὶ
729 260 1039 311 καταστάσεως
1082 258 1412 314 διαπονούμενα

71 329 204 393 [μετ’]
225 328 494 386 εὐσχήμονος
519 327 669 393 ῥώμης
690 346 737 385 τεΙ
758 332 829 373 καὶ
853 327 1017 382 ὑγιείας
1043 332 1184 384 ἕνεκα,
1202 325 1328 369 ταῦτ’
1360 331 1420 375 εἰς

68 398 220 443 πάντα
254 398 364 441 ὄντα
398 397 590 457 χρήσιμα
616 397 669 441 οὐ
705 402 933 452 παρετέον,
965 393 1082 439 ἀλλὰ
1120 395 1419 451 προςτακτέον

68 472 301 523 μαθηταῖς
338 481 382 508 τε
416 463 512 520 ἅμα
534 466 606 507 καὶ
644 472 735 516 τοῖς
771 464 1038 516 διδάξουσιν,
1074 461 1186 506 ὅταν
1220 460 1410 505 ἐνταῦθ’

67 528 182 590 ὦμεν
217 535 304 577 τῶν
338 530 506 587 νόμων,
555 541 646 584 τοῖς
679 538 759 589 μὲν
797 533 947 575 πάντα
989 531 1039 574 τά
1079 531 1265 574 τοιαῦτα
1299 528 1423 584 εὐμε-

71 677 100 710 δ.
140 679 255 720 Vulgo
290 678 471 722 legebatur
497 675 524 720 ἦ,
542 675 690 720 πυγμήν.

71 723 116 766 χή
126 723 208 766 pb),
236 725 428 766 sphalmate
450 724 648 757 manifesto.

70 839 291 870 Lucianus
322 839 519 871 Anachars.
546 839 593 872 in.
620 838 708 879 ετξ.

68 884 117 919 8η
139 884 304 917 Pluribus
345 885 390 917 de
427 886 548 917 eadem
581 895 620 916 re
644 894 710 916 ex-

70 937 282 972 posuerunt
275 931 340 963 Me
350 942 392 963 rc
404 932 469 963 uri
482 932 532 965 al.
558 931 614 963 De
636 935 710 963 arte

72 987 189 1018 gymn.
220 977 271 1010 11.
280 973 330 1011 8.
368 978 407 1009 P.
442 977 576 1009 Fabri
603 976 710 1018 Ago-

69 1025 152 1058 nist.
175 1023 205 1057 Ι.
221 1024 275 1058 10.
302 1024 500 1068 Philipp.
548 1023 603 1055 De
626 1033 710 1065 pen-

69 1070 180 1102 tathlo
204 1081 237 1111 p.
256 1070 300 1104 72
325 1081 376 1111 sq.
402 1070 488 1102 Kra¹
504 1080 578 1102 use
604 1068 710 1111 Gym-

73 1117 194 1148 nastik
226 1127 258 1150 u.
284 1117 476 1158 Agonistik
507 1117 569 1147 der
593 1116 712 1148 Helle-

71 1173 139 1194 nen
168 1163 247 1198 Vol,
274 1163 303 1194 Ι.
329 1173 362 1204 p·
387 1162 457 1197 4¹23
481 1173 557 1204 sqq.
587 1162 712 1204 Itaque

73 1206 112 1239 τὰ
130 1204 190 1240 ἀπ’
219 1204 334 1250 ὀρθῆς
350 1207 456 1250 πάλης
480 1209 609 1241 dictum
630 1213 714 1240 nota

73 1255 270 1297 periphrasi
305 1265 370 1296 pro
409 1255 547 1296 vulgari
582 1253 622 1286 τὰ
654 1255 714 1296 τῆς

75 1297 191 1343 ὀρθῆς
231 1298 348 1342 πάλης.
395 1301 507 1339 Quam
555 1302 592 1332 in
639 1311 712 1333 rem

73 1353 252 1402 comparat
270 1349 426 1379 Astius
450 1347 536 1379 ΗΠ.
554 1346 588 1381 4.
607 1344 626 1389 ἡ
651 1346 712 1387 μὲν

72 1389 249 1449 (ὀξύτης),
275 1390 344 1425 α’πὸ
371 1394 437 1425 τῶν
469 1393 598 1432 ποδῶν,
630 1390 649 1435 ἡ
675 1392 713 1425 δὲ

73 1435 141 1471 ἀπὸ
157 1440 223 1471 τῶν
239 1440 371 1480 χειρῶν.
397 1441 502 1472 Adde
526 1451 614 1482 quae
630 1451 711 1472 con-

71 1491 256 1527 gesserunt
279 1487 475 1519 Dorvill.
510 1488 556 1519 ad
587 1486 712 1519 Chari-

72 1538 146 1564 ton.
171 1543 206 1574 p.
226 1532 305 1567 263.
329 1533 529 1566 Fischer.
556 1534 602 1566 ad
619 1534 711 1565 Wel-

73 1579 136 1611 ler.
158 1578 202 1610 T.
223 1579 279 1612 lll.
306 1578 341 1610 Ρ.
364 1580 403 1612 ll.
422 1590 455 1621 p.
477 1580 554 1614 115.
579 1579 712 1611 Bern-

73 1625 218 1666 hardy
253 1623 352 1666 Synt.
377 1636 411 1666 p.
436 1625 514 1660 223.
551 1626 711 1658 Iacobs

73 1672 118 1703 ad
137 1672 262 1703 Athen.
289 1682 323 1712 p.
348 1671 415 1705 321
443 1683 495 1714 sq.
522 1677 556 1704 et
580 1674 626 1704 ad
641 1673 712 1704 De-

73 1718 152 1750 lect.
188 1718 403 1759 Epigramm.
438 1729 472 1760 p.
496 1718 576 1753 377.
607 1719 713 1751 Zell.

74 1764 120 1796 ad
154 1765 305 1797 Aristot.
341 1764 456 1796 Ethic.
488 1765 535 1799 X.
560 1765 593 1798 5.
628 1765 717 1797 Post

75 1805 136 1842 ἀπ’
170 1806 286 1851 ὀρθῆς
312 1808 419 1851 πάλης
450 1821 533 1843 vero
563 1811 716 1843 illustra-

75 1856 182 1888 tionis
206 1857 322 1897 gratia
347 1856 505 1888 additur:
532 1852 592 1887 ἀπ’
618 1853 715 1897 αὐχέ-

77 1913 146 1933 νων
166 1920 207 1924 -
229 1900 445 1943 ἐξειλήσεως,
469 1903 528 1935 ubi
553 1901 717 1944 ε’ξείλησις

76 1948 162 1981 nihil
188 1949 281 1980 aliud
308 1953 360 1980 est
391 1959 496 1990 quam
520 1950 715 1990 explica-

74 1996 160 2034 tio,
197 2005 302 2036 quum
328 1996 499 2035 eervices,
532 2006 657 2027 manus
682 1999 717 2028 et

77 2043 188 2074 latera
214 2041 448 2082 expediuntur
465 2043 526 2081 sic,
553 2046 591 2074 ut
604 2042 717 2074 libera

75 2093 240 2120 maneant
279 2098 394 2128 neque
437 2089 714 2130 complicationi-

76 2134 139 2166 bus
187 2140 220 2165 et
269 2134 418 2166 nexibus
466 2135 712 2176 impediantur.

76 2180 264 2221 Etymol.
289 2180 340 2212 M.
365 2191 398 2222 p.
423 2180 503 2215 348.
531 2181 585 2215 12.
611 2180 716 2221 ἐξει-

78 2226 221 2267 λῆσαι·
256 2227 358 2258 τοῦτο
390 2226 549 2269 λέγουσιν
574 2226 611 2259 οἱ
632 2224 716 2259 Ἀλε-

77 2270 231 2313 ξανδρεῖς
265 2271 319 2304 ἐπὶ
347 2277 408 2304 τοι)
441 2273 615 2315 ἑκφιγείν.
649 2272 716 2305 ἐοί-

79 2328 153 2350 κασι
179 2317 215 2350 δὲ
237 2321 478 2361 μεταφορικῶς
509 2320 617 2362 λέγειν
649 2317 717 2352 ἀπὸ

79 2365 144 2396 τῶν
167 2363 204 2396 ἐν
228 2377 269 2409 τῳ
309 2367 461 2399 παλαίειι
499 2363 719 2399 ἆιαλυόντων

78 2408 233 2446 ἑαυτούς,
275 2411 361 2454 λέγει
403 2414 467 2455 γὰρ
508 2411 647 2445 Πλάτων
681 2412 718 2445 ἐν

79 2454 219 2496 ε’βδόμω
233 2456 360 2497 Νόμων
375 2461 450 2502 περὶ
478 2458 587 2501 πάλης
604 2457 714 2492 οὕτω·

82 2499 119 2533 τά
141 2499 178 2533 δὲ
200 2498 255 2535 ἀπ’
276 2501 358 2547 ὄρθ’.
383 2525 416 2533 -ν
447 2506 712 2546 διαπονοι’μει·.α

82 2548 352 2588 Eademhabent
370 2553 567 2586 Zonaras
589 2559 623 2585 et
642 2553 714 2585 Fa-

83 2595 222 2628 vorin.
256 2592 401 2640 quogg.
435 2611 468 2642 p.
494 2601 573 2635 190.
610 2601 715 2632 Dind.

84 2640 243 2674 Platonis
280 2643 390 2677 locum
434 2648 574 2688 repetiit
612 2648 716 2679 etiam

84 2686 281 2720 Ciemens
310 2691 428 2726 Alex
453 2693 607 2735 1³88ng
636 2693 666 2727 3
683 2705 715 2735 p

748 676 938 710 Praeterea
975 674 1211 708 Schneiderus
1251 671 1421 714 ἀχρήστου

779 836 858 871 284.
886 836 1085 879 Opponitur
1120 836 1228 878 igitur
1260 834 1306 877 τῷ
1337 832 1420 874 ἐξει-

778 883 894 924 λῆσαι,
930 889 968 915 ut
993 885 1079 916 scite
1110 884 1278 915 observat
1301 881 1422 913 Asti—

779 940 848 970 us,
886 928 925 962 τὸ
969 930 1126 972 θλίβειν,
1172 926 1209 960 τὸ
1260 925 1425 967 κατέχειν,

777 977 848 1008 alia
880 977 1026 1018 similia,
1063 986 1152 1018 quae
1187 977 1225 1007 in
1257 974 1423 1006 luctando

778 1024 853 1055 fieri
895 1024 1076 1063 solebant,
1122 1023 1165 1061 de
1210 1021 1335 1063 quibus
1388 1031 1423 1052 v.

780 1070 1032 1102 Salmasius
1081 1069 1289 1101 Exercitatt.
1333 1067 1425 1099 Plin.

782 1128 815 1158 p.
851 1116 929 1150 205.
988 1116 1081 1148 Dein
1125 1112 1328 1146 κατάστασις
1363 1114 1423 1155 qui

780 1173 871 1194 nune
905 1163 1021 1194 Iocum
1050 1162 1201 1202 habeat,
1234 1163 1295 1193 vix
1327 1163 1424 1201 quis-

780 1219 884 1250 quam
908 1210 1129 1241 indicaverit.
1163 1207 1424 1248 Corrigendum

779 1265 905 1288 censeo
925 1256 978 1287 καὶ
1005 1253 1233 1291 κατατάσεως,
1259 1253 1356 1296 quod
1377 1253 1423 1285 ad

778 1312 852 1334 rem
886 1303 988 1334 unice
1024 1309 1156 1343 aptum.
1204 1300 1319 1332 Porro
1352 1298 1423 1331 δια-

779 1351 898 1379 πονεῖν
918 1350 962 1381 ‹le
979 1350 1094 1380 luctae
1115 1348 1295 1380 laboribus
1314 1347 1425 1379 omni-

779 1405 897 1436 noque
928 1396 971 1427 de
1006 1396 1165 1437 corporis
1199 1393 1423 1429 exercitatio-

780 1442 883 1473 nibus
915 1441 1058 1484 proprie
1087 1442 1234 1481 dicitur,
1259 1441 1296 1472 id
1329 1439 1425 1481 quod

780 1489 960 1520 Astius
1007 1488 1110 1520 docet
1149 1488 1289 1519 collatis
1335 1487 1424 1518 locis

778 1534 890 1576 Legg.
924 1534 993 1568 vn.
1019 1545 1054 1575 p.
1080 1534 1226 1568 813013.
1254 1534 1297 1565 D.
1343 1532 1423 1564 Xe-

780 1581 906 1622 noph.
942 1580 1072 1622 Cyrop.
1099 1580 1200 1612 VIII.
1227 1580 1267 1621 8,
1293 1579 1327 1613 5.
1353 1579 1424 1611 La-

780 1627 854 1659 ced.
878 1627 966 1669 Rep.
989 1627 1031 1659 V.
1057 1635 1089 1661 θ.
1114 1628 1299 1659 Lucian.
1328 1626 1423 1657 Ana-

781 1674 894 1706 chars.
910 1674 942 1715 ξ.
960 1674 1014 1708 21.
1042 1674 1083 1706 In
1109 1674 1280 1715 proximis
1300 1682 1423 1704 rursus

781 1720 876 1752 labes
917 1721 1038 1761 aliqua
1082 1721 1221 1754 insedit.
1283 1718 1355 1751 Sed
1389 1719 1426 1750 in

783 1771 922 1807 promtu
935 1772 988 1799 est
1013 1767 1199 1800 medicina.
1227 1765 1427 1798 Delendum

784 1814 876 1844 enim
911 1819 965 1845 est
1005 1809 1077 1852 μετ’
1102 1818 1184 1847 ante
1213 1808 1426 1854 εὐσχήμονος

784 1864 914 1890 temere
926 1860 1087 1891 iteratum
1099 1865 1204 1900 atque
1212 1855 1428 1900 εὐσχήμονος

785 1906 992 1937 nectendum
1006 1915 1083 1937 eum
1102 1906 1329 1947 sequentibus
1348 1914 1424 1936 ver-

785 1951 852 1990 bis,
879 1948 993 1993 ῥώμης
1019 1962 1053 1983 τε
1077 1952 1131 1983 καὶ
1162 1947 1292 1993 ὑγιείας
1315 1949 1425 1987 ἕνεκα,

784 2003 822 2028 ut
857 1998 1075 2039 intelligatur
1108 1999 1272 2030 valetudo
1302 2002 1337 2029 et
1368 2007 1424 2029 ro-

784 2044 848 2075 bur
888 2048 1046 2086 corporis
1077 2055 1155 2077 cum
1185 2045 1312 2076 decore
1343 2053 1425 2076 con-

783 2091 951 2124 iunctum.
1008 2090 1113 2128 Quod
1147 2092 1238 2123 enim
1271 2090 1425 2123 Astius

784 2143 902 2168 censet
928 2138 1035 2169 verba
1059 2139 1199 2169 inverso
1225 2138 1348 2169 ordine
1362 2147 1425 2178 po-

785 2184 852 2215 sita
876 2194 952 2216 esse
976 2194 1041 2225 pro
1076 2183 1156 2223 μετὰ
1190 2181 1427 2215 καταστάσεως

787 2226 1010 2271 εὐσχήμονος,
1034 2230 1072 2262 id
1096 2232 1140 2262 ab
1165 2241 1231 2263 usu
1257 2230 1425 2273 loquendi

786 2278 927 2309 omuino
953 2277 1130 2309 abhorret.
1165 2278 1284 2309 Etiam
1309 2276 1425 2308 Orel-

786 2324 854 2354 ius
895 2332 1006 2365 nuper
1047 2324 1142 2356 istud
1185 2319 1261 2363 μετ’
1303 2323 1428 2355 abesse

786 2370 918 2401 maluit.

831 2415 873 2446 B.
923 2412 1029 2447 ὅταν
1073 2409 1253 2448 ἐνταῦθ’
1301 2407 1426 2453 ὦμεν

788 2464 866 2492 τῶν
907 2459 1064 2506 νόμων]
1098 2462 1141 2495 H.
1171 2472 1201 2494 e.
1238 2471 1343 2503 quum
1381 2460 1426 2492 ad

785 2509 878 2548 leges
914 2510 956 2541 de
986 2509 1041 2541 his
1083 2510 1188 2541 rebus
1222 2507 1426 2540 scribendas

784 2555 1056 2596 pervenerimus
1100 2554 1308 2641 Loquendip
1314 2563 1426 2595 genus

785 2602 964 2642 attigimus
989 2600 1040 2646 'ad
1074 2602 1172 2642 Reip.
1205 2600 1261 2632 Vl.
1347 2594 1425 2634 (ΨΟ.

787 2648 1004 2681 D.P01itio.
1036 2659 1069 2690 p.
1102 2647 1182 2682 244
1214 2646 1255 2686 B.
1287 2644 1425 2680 Phileb.

787 2706 817 2734 p.
849 2694 897 2727 18
926 2695 958 2726 Ι)
997 2695 1194 2737 Ῥὶᾘιῑὴγρὴι·
1222 2705 1251 2735 p.
1279 2693 1332 2728 14.
1362 2692 1401 2726 C-
