1644 2886
269 114 420 161 LVIII
697 120 813 161 PRO
825 119 1173 161 [AEGOMENA

267 230 384 272 ribus
435 230 739 273 Grammaticis
794 229 1091 282 munitumque
1149 231 1370 286 analogiae
1419 231 1596 286 legibus}

268 284 368 337 Quo
404 287 519 328 facto
557 301 702 327 eorum
742 299 866 325 usum
910 298 989 325 nec
1029 285 1135 327 alias
1166 285 1222 327 ob
1253 301 1425 329 caussas
1456 288 1500 327 in
1531 287 1597 329 his

268 341 386 382 libris
414 356 507 383 esse
537 346 787 395 suspectum
816 339 1105 384 ostendemus.

382 397 536 449 Itaque
574 397 756 451 primum
795 395 969 449 quidem
1008 396 1080 438 ubi
1123 395 1174 437 de
1215 397 1458 440 nominibus
1496 399 1596 440 sub-

267 453 464 494 stantivis
502 452 735 493 insolenter
773 451 989 505 usurpatis
1030 452 1320 504 sciscitamur,
1362 453 1598 509 singularia

268 509 308 548 in
360 507 553 562 Legibus
605 507 712 549 haec
763 508 849 548 fere
901 507 1183 560 reperiuntur.
1265 508 1455 550 Primum
1485 510 1596 551 euim

268 562 386 603 Libr.
430 562 539 604 XII.
578 579 619 619 p.
658 564 753 604 954.
796 563 848 603 Ε.
887 561 1066 603 offendit
1104 562 1371 618 αλλοδημία,
1403 571 1597 606 notatum

266 619 347 658 iam
386 632 411 658 a
453 618 682 660 Polluce
723 619 878 661 Onom.
921 618 1002 658 III.
1036 620 1099 662 54.
1130 618 1203 672 qui
1233 618 1481 674 ἀλλόόημος
1510 635 1596 661 me-

263 679 421 726 morat,
466 674 581 727 quod
612 673 781 728 quidem
813 673 974 714 dictum
1005 680 1070 715 est
1098 680 1144 715 ut
1171 674 1419 729 ἀποδημία,
1458 691 1482 715 a
1513 691 1597 729 quo

265 737 406 769 tamen
435 730 631 770 nonnihil
661 731 704 770 vi
738 736 781 770 et
821 729 1134 784 significatione
1167 729 1398 785 discrepat.
1459 732 1596 786 Atqui

264 783 415 825 eodem
458 785 541 826 isto
581 786 751 827 nomine
791 785 918 825 etiam
956 785 1343 840 Hippocrates
1374 788 1441 828 De
1472 787 1594 828 inter.

263 838 405 881 affect.
428 843 524 893 210,
548 844 613 883 14.
644 842 748 882 Dio
779 839 928 882 Cass.
961 842 1123 894 54,19.
1157 841 1443 884 Iamblich.
1503 843 1594 884 Vit.

264 895 391 950 Pyth.
434 911 468 936 c.
509 898 576 937 35.
617 898 684 938 usi
713 902 836 948 sunt,
887 901 936 936 ut
976 896 1066 938 eius
1107 897 1298 952 probitas
1338 913 1423 939 non
1467 898 1595 940 modo

261 951 457 992 codicum
498 951 690 994 Platonis
720 952 999 1004 auctoritate,
1039 952 1115 994 sed
1153 953 1279 994 etiam
1309 953 1595 1008 locupletissi-

261 1021 426 1047 morum
478 1009 737 1063 scriptorum
786 1007 1031 1048 testimonio
1079 1008 1248 1050 abunde
1306 1008 1475 1050 firmata
1525 1009 1593 1050 sit.

262 1062 399 1104 Porro
439 1063 560 1107 Libr.
601 1064 684 1105 IX.
724 1079 764 1119 p.
806 1065 902 1104 868.
931 1063 982 1104 Ε.
1013 1064 1200 1105 notabile
1229 1064 1368 1106 visum
1399 1071 1467 1106 est
1493 1064 1595 1106 ἀπε-

260 1116 486 1167 ’νιαύτησις
524 1119 592 1160 vel
630 1119 775 1175 potius
806 1116 1125 1172 ἀπενιαύτισις,
1166 1119 1294 1160 sicuti
1328 1135 1423 1161 vere
1454 1135 1595 1161 corre-

260 1173 324 1213 xit
361 1173 642 1216 Ruhnken.
686 1173 741 1215 ad
778 1174 888 1215 Tim.
929 1188 969 1229 p.
1020 1175 1084 1215 39.
1154 1174 1253 1227 Quo
1304 1177 1474 1216 nomine
1521 1177 1593 1230 qui

259 1234 482 1284 praeterea
531 1245 634 1278 usus
681 1230 762 1282 sit,
811 1229 1007 1271 novimus
1053 1244 1156 1272 sane
1203 1231 1428 1272 neminem.
1506 1231 1594 1273 Sed

260 1299 391 1338 quum
431 1284 772 1340 απενιαυτισμός
809 1285 1093 1341 Hesychio
1130 1301 1163 1328 s.
1203 1302 1242 1330 V.
1289 1287 1440 1328 eximie
1479 1286 1591 1328 dicta

258 1340 316 1381 sit
344 1340 370 1391 ἡ
403 1346 463 1390 εἰς
491 1340 691 1384 ἐνιαυτὸν
722 1341 840 1396 φυγὴ
871 1349 965 1389 τοῖς
995 1340 1136 1396 φόνον
1166 1341 1394 1395 δράσασιν,
1426 1342 1478 1383 de
1510 1357 1595 1397 qua

258 1410 400 1449 poena
427 1413 466 1438 v.
498 1396 674 1439 Petiti
703 1395 843 1452 Legg.
877 1396 1011 1438 Attio.
1043 1412 1083 1451 p.
1116 1398 1198 1439 614
1229 1412 1324 1451 sqq.
1366 1397 1431 1439 ed.
1463 1397 1593 1440 Wes—

257 1450 420 1507 seling,
460 1453 610 1506 quidni
646 1453 749 1493 item
779 1459 895 1494 recte
925 1451 1093 1493 dicatur
1133 1452 1441 1507 απενιαύτισις,
1470 1469 1591 1508 prae-

256 1506 402 1548 sertim
444 1524 574 1563 quum
612 1508 788 1549 verbum
828 1507 1165 1562 άπενιαυτίζειν,
1199 1508 1252 1550 de
1284 1524 1368 1563 quo
1398 1525 1438 1550 v.
1468 1509 1590 1550 Pol-

255 1561 359 1603 lux.
400 1562 437 1602 Ι.
487 1567 524 1606 7.
571 1566 637 1606 58.
669 1563 900 1617 Suidas,
950 1563 1189 1619 Etymol.
1236 1565 1412 1620 Magn.
1465 1565 1591 1610 Tim.

256 1615 400 1659 Gloss.
451 1634 485 1661 s.
524 1637 589 1672 v.,
641 1620 745 1661 satis
794 1624 1000 1661 testatum
1050 1618 1288 1661 habeatur?
1360 1621 1591 1662 Praeterea

253 1672 374 1714 Libr.
405 1673 438 1714 I.
473 1691 516 1730 p.
547 1677 642 1717 635.
675 1674 725 1716 C.
758 1674 984 1716 offensioni
1015 1675 1096 1715 fuit
1127 1675 1244 1728 quod
1286 1681 1404 1717 extat
1440 1679 1589 1730 γλυκυ-

256 1730 415 1779 θυμία.
493 1730 622 1783 Quod
675 1737 817 1771 tamen
872 1731 1200 1783 frequentarunt
1255 1731 1588 1774 Plutarchus

275 1783 432 1826 Moral.
476 1803 517 1842 p.
557 1788 653 1828 476.
697 1786 752 1826 D.
796 1787 891 1827 970.
931 1784 982 1827 Β.
1027 1787 1122 1826 982.
1162 1789 1216 1826 A.
1261 1788 1382 1829 1104.
1428 1787 1480 1828 D.
1511 1788 1586 1841 al.)

295 1840 632 1895 amblichus,
672 1841 767 1895 alii,
807 1841 989 1882 maxime
1037 1841 1272 1892 Platonici3
1314 1857 1454 1896 neque
1483 1858 1586 1884 vero

252 1893 306 1935 de
347 1895 497 1939 Attico
538 1898 629 1939 eius
667 1912 748 1939 usu
785 1897 873 1938 ullo
902 1896 1029 1937 modo
1062 1896 1332 1950 dubitabunt,
1368 1899 1438 1952 qui
1472 1897 1588 1940 adie-

251 1950 414 1992 ctivum
445 1952 734 2005 γλυκύθυμος
764 1952 850 2007 legi
868 1952 1137 1993 meminerint
1156 1953 1270 2008 apud
1301 1954 1584 2009 Aristoph.

250 2006 437 2061 Lysistr.
477 2011 574 2052 551.
614 2008 761 2050 Nubb.
795 2009 887 2050 705.
916 2007 970 2050 al.
1003 2023 1087 2061 quo
1119 2008 1203 2049 iam
1233 2009 1447 2051 Homer.
1479 2023 1583 2051 usus

250 2067 317 2102 est
355 2063 480 2105 Iliad.
521 2082 561 2106 v.
598 2066 695 2106 467.
734 2063 1000 2105 Insolentius
1038 2078 1139 2105 vero
1180 2071 1248 2105 est
1277 2064 1400 2106 Libr.
1431 2065 1510 2106 VI.
1541 2081 1582 2120 p.

251 2117 345 2157 765.
375 2118 431 2158 Α.
459 2135 615 2161 nomen
645 2120 880 2172 διαθετήρ,
912 2119 1020 2161 ἰμθ.
1053 2119 1369 2171 ordinator,
1403 2120 1583 2162 mode-

248 2177 424 2226 rator,
470 2175 523 2216 de
563 2190 639 2228 eo,
682 2175 755 2228 qui
802 2174 955 2216 choros
1001 2174 1176 2215 instruit
1223 2189 1274 2215 ac
1322 2175 1580 2218 moderatur.

247 2226 556 2271 Verumtamen
597 2245 728 2284 quum
766 2230 961 2272 similiter
995 2229 1166 2271 'dicatur
1204 2229 1226 2271 ὁ
1271 2232 1487 2281 ὃιαθὲτης
1518 2239 1581 2273 at-

248 2297 332 2334 que
375 2286 552 2327 verbum
593 2289 847 2327 ὄιατιῦέναι
886 2286 969 2327 hoc
1008 2286 1052 2326 in
1082 2300 1239 2340 genere
1272 2286 1360 2327 fere
1391 2287 1580 2329 solemne

246 2338 305 2378 sit
343 2345 472 2394 atque
502 2341 748 2396 proprium,
779 2357 860 2383 nec
889 2341 996 2384 illud
1026 2341 1155 2382 habet
1183 2341 1312 2382 ullam
1348 2342 1579 2384 dubitatio-

245 2408 365 2447 nem,
405 2397 658 2450 praesertim
698 2412 827 2451 quum
869 2413 919 2439 eo
959 2411 1063 2438 usus
1103 2397 1160 2438 sit
1199 2398 1325 2438 etiam
1359 2398 1578 2439 Themi-

168 2451 170 2453 ’
244 2449 391 2492 stius
447 2451 544 2494 loco
603 2452 924 2494 evidentissimo
983 2451 1103 2493 Orat.
1164 2452 1340 2494 XXVI.
1387 2469 1428 2508 p.
1481 2456 1577 2495 321.

245 2504 301 2545 D.
330 2520 397 2544 =
427 2508 523 2549 388.
554 2507 621 2549 ed.
656 2508 785 2551 Dind.
814 2508 893 2550 τὸν
934 2509 1181 2561 διαθετῆρα
1212 2511 1283 2548 καὶ
1309 2510 1574 2564 ϋημογόρον.

244 2559 379 2603 Porro
420 2563 541 2605 Libr.
573 2563 654 2605 IV.
696 2580 737 2619 p.
770 2566 863 2605 716.
896 2564 968 2605 A.‘
983 2569 1026 2604 et
1055 2562 1108 2604 V.
1142 2564 1235 2604 744.
1267 2563 1319 2604 B.
1352 2564 1574 2619 εὐμορφία

240 2619 457 2670 tamquam
508 2619 724 2676 singulare
775 2626 966 2662 notatum
1006 2624 1069 2660 est
1118 2619 1203 2660 iam
1251 2634 1271 2659 a
1321 2619 1574 2661 Moe-ride
