1644 2886
274 127 355 169 230
747 126 1121 170 PLATONIS

276 244 349 285 καὶ
381 239 488 296 μετὰ
526 244 686 293 γένεσιν
723 239 892 298 τροφὴν
943 245 1015 284 καὶ
1050 245 1263 285 παιδείαν.
1299 245 1369 286 καὶ
1405 240 1498 299 τάχ’
1539 242 1597 286 ἂν

279 306 392 350 οὕτω
438 305 684 362 προϊόντων
729 308 814 349 τῶν
857 306 998 361 λόγων
1042 306 1064 351 ὅ
1103 324 1146 351 τε
1183 307 1316 364 νόμος
1364 307 1467 364 ἡμῖν
1501 314 1596 352 ἕκα-

278 388 379 422 στος
426 373 677 426 περαίνοιτο
714 377 773 422 εἰς
808 372 1120 431 τοῦμπροσθεν
1155 377 1223 418 ἐπὶ
1268 375 1487 428 ξυσσίτια,
1523 379 1595 417 ἵνα

279 441 350 480 καὶ
383 436 646 495 ἀφικόμενοι
678 441 735 487 εἰς
769 437 849 488 τὰς
885 439 1093 490 τοιαύτας
1115 444 1355 491 κοινωνίας,
1390 441 1471 483 εἴτε
1506 440 1595 495 ἄρα

279 505 497 557 γυναικῶν
533 503 613 547 εἴτε
650 502 825 559 ἀνδρῶν
860 508 922 548 δεῖ
955 504 1101 561 μόνων
1136 509 1380 560 γίγνεσθαι,
1417 511 1595 560 προςμί-

279 571 429 622 ξαντες
473 568 625 620 αὐτοῖς
667 569 876 624 ἐγγύθεν,
926 572 1022 621 ἰ’σως
1066 574 1237 626 μᾶλλον
1283 572 1597 630 κατοψόμεθα,

280 635 334 679 τά
382 652 425 679 τε
467 638 736 692 ἐπίπροσθεν
780 635 946 687 αὐτῶν,
994 642 1057 680 ἔτι
1099 640 1178 681 νῦν
1219 636 1328 682 ὄντα
1371 638 1595 692 ἀνομοθέ-

369 809 434 840 ῗνα
467 821 537 840 και
569 808 857 850 ἂφικομενοιΙ
893 810 960 842 Pro
992 810 1044 841 ἵνα
1077 822 1129 841 και
1161 811 1197 842 Ξ.
1229 819 1258 840 v.
1290 810 1311 844 f.
1344 810 1374 843 ll.
1399 821 1423 842 r.
1455 822 1486 845 a.
1510 812 1539 843 δ.
1566 824 1595 843 ο.

278 865 309 886 x
338 859 371 886 et
396 863 499 895 marg.
529 858 565 886 A.
590 857 636 887 Ω.
669 854 778 895 ἡιίκα,
811 856 983 896 iidemque
1017 854 1138 887 deinde
1171 865 1231 897 pro
1261 853 1467 898 ἀφικόμενοι
1496 856 1597 889 etiam

277 897 490 940 ιίφικόμεθι.
546 900 663 940 ltaque
696 902 788 932 solus
818 901 889 936 fere
920 901 1009 932 Flor.
1045 910 1074 932 c
1116 902 1286 941 vulgatum
1330 901 1416 932 tueri
1451 900 1596 935 videtur.

278 945 490 985 Quamquam
519 944 697 977 Bekkirus
723 951 833 978 narrat
859 947 958 978 etiam
986 947 1063 977 Par.
1093 947 1133 977 Α.
1161 950 1195 977 et
1220 946 1298 977 Vat.
1330 944 1366 979 Ω.
1403 957 1477 978 eam
1512 948 1595 978 scri-

278 994 409 1030 pturam
435 990 467 1020 in
502 1000 608 1028 marg.
642 989 776 1023 habere.
832 991 1013 1023 Noluimus
1043 996 1158 1022 tamen
1189 1000 1274 1022 nnnc
1304 991 1485 1032 quidquam
1522 1002 1596 1023 mu—

279 1039 371 1073 tare,
406 1034 680 1076 quandoquidem
723 1035 878 1068 codicum
922 1037 1021 1068 lectio
1052 1039 1169 1067 nostro
1207 1038 1395 1077 nentiquam
1432 1037 1598 1069 satisfacit

278 1155 473 1186 quaeque
523 1147 587 1178 lex
643 1146 904 1187 perficiatur

278 1191 493 1231 paullatim
522 1198 564 1222 et
589 1196 781 1232 tunquam
809 1201 903 1234 pro-

278 1237 466 1268 vehatur
504 1247 638 1278 naque
669 1238 717 1268 ad
755 1237 902 1269 convi—

276 1282 338 1312 via
367 1282 548 1322 publica.
598 1282 681 1314 Dein
709 1293 769 1322 pro
796 1282 901 1314 veteri

972 1147 1306 1178 communitates
1375 1148 1597 1188 (communes

972 1191 1222 1232 coenationes),
1247 1195 1385 1223 utrum
1412 1191 1599 1233 syssitia

971 1238 1191 1268 mulierum
1219 1246 1389 1277 quoque
1414 1247 1460 1268 an
1486 1238 1597 1270 solo-

970 1291 1052 1313 rum
1079 1283 1267 1314 virorum
1296 1282 1479 1314 debeant
1503 1292 1598 1323 pro-

277 1326 439 1358 lectione:
472 1326 524 1358 ἵνα
548 1327 602 1358 καὶ
627 1326 833 1369 ἀφικόμενοι
857 1327 903 1362 εὶς

275 1372 336 1408 τὰς
360 1384 389 1403 τ.
417 1371 444 1405 Ξ.
471 1371 573 1403 codd.
607 1374 758 1414 plerique
785 1382 903 1404 omues

278 1417 438 1457 scriptum
471 1417 649 1457 exhibent,
686 1417 784 1459 ἡνίκα
822 1417 901 1458 ἄφι-

275 1461 416 1504 ιιόμεθα
439 1474 468 1493 κ.
493 1474 524 1494 τ.
550 1463 599 1501 λ.,
635 1463 725 1503 quod
751 1464 899 1503 arripue-

278 1510 355 1539 runt
395 1507 512 1549 nuperi
551 1508 712 1539 editores.
772 1509 900 1540 Verum

279 1552 422 1584 dubitari
448 1561 513 1584 nou
540 1557 674 1594 potest..
703 1554 780 1594 quin
806 1553 838 1584 id
866 1553 904 1584 iis

278 1597 454 1637 debeatur,
477 1598 536 1638 qui
560 1599 731 1639 vulgatam
758 1599 904 1639 scriptu—

278 1652 371 1682 ram,
418 1646 539 1684 utpote
572 1652 639 1674 non
686 1644 905 1680 intellectam,

279 1691 445 1729 protenus
479 1687 705 1729 refingendam
733 1692 904 1730 putarent.

279 1733 414 1774 Quippe
447 1733 626 1766 offensioni
666 1734 731 1765 fuit
762 1734 903 1770 criticis,

280 1779 418 1820 opinor,
443 1778 531 1810 istud
561 1778 647 1817 ἵνα,
681 1778 724 1810 de
748 1789 818 1820 quo
843 1778 906 1810 eti—

281 1834 334 1855 um
362 1822 618 1864 Stephanus:
657 1824 814 1864 „Vocula
840 1823 906 1862 ἳνα,

279 1869 404 1909 inquit,
438 1870 562 1900 nullum
598 1868 650 1900 liic
686 1869 819 1901 videtur
849 1867 907 1900 ha-

281 1915 362 1946 bere
407 1914 536 1953 locum,
578 1924 680 1955 quum
727 1919 812 1955 part.
853 1916 910 1944 ml

280 1958 494 2001 praecedenti
530 1971 565 1990 -ιε
602 1960 810 2000 respondere
847 1959 905 1989 ‹le-

279 2006 370 2042 beat,
395 2003 542 2045 ideoque
568 2005 618 2036 vel
645 2004 791 2037 tollenda
818 2015 906 2042 esse,

281 2051 332 2082 vel
366 2049 525 2081 mutanda
555 2050 585 2081 in
619 2049 740 2082 ‘cumis‘
789 2049 907 2088 ltaque

280 2099 449 2127 mutarunt
473 2094 526 2126 ἵνα
550 2093 605 2125 καὶ
627 2095 657 2126 in
682 2094 777 2136 ἡνίκα
796 2099 829 2126 et
845 2105 906 2135 pro

279 2140 457 2182 participio
483 2144 670 2181 posuerunt
691 2138 906 2182 ἀφικόμεθα.

282 2187 324 2216 At
349 2195 467 2217 vanam
494 2195 572 2216 esse
597 2189 632 2216 et
652 2186 798 2227 ineptam
824 2184 908 2216 hanc

279 2231 458 2262 verborum
485 2230 723 2270 mutationem,
757 2230 905 2262 clarissi-

280 2285 333 2307 me
358 2275 562 2316 perspicitur
587 2285 628 2305 ex
653 2286 708 2314 eo,
733 2275 824 2316 quod
852 2275 907 2306 illa

278 2320 389 2362 posita
412 2320 599 2352 miserrime
627 2320 758 2352 laborat
785 2321 901 2352 verho-

280 2375 350 2397 rum
399 2366 619 2397 constructio.
686 2365 905 2398 Servavimus

279 2412 380 2449 igitur
404 2414 555 2442 veterum
577 2410 673 2442 editt.
690 2413 907 2452 scripturam,

279 2457 360 2487 licet
385 2465 570 2497 paucorum
597 2459 725 2489 tontum
747 2456 905 2488 librorum

281 2502 482 2533 auctoritate
499 2501 695 2541 stabilitam,
720 2511 820 2542 quarn
835 2501 903 2542 qni-

282 2548 358 2578 dem
400 2547 448 2577 sic
483 2546 715 2588 explicandam
762 2547 905 2578 arbitra-

282 2602 372 2623 mur:
399 2601 478 2632 quo
502 2591 673 2633 quidem
701 2593 811 2631 loco,
835 2590 908 2632 (ινα

280 2648 303 2669 ι
321 2648 352 2677 q
379 2634 493 2691 σπου),
519 2635 595 2668 hoc
620 2640 696 2677 est,
722 2637 790 2668 ubi
817 2646 906 2678 per—

281 2684 527 2725 venerimus
572 2682 620 2714 ad
669 2681 906 2715 huiusmodi

970 1327 1059 1368 pria
1097 1326 1217 1366 fieri,
1257 1337 1380 1368 quum
1415 1327 1596 1368 propius

969 1371 1015 1403 ad
1042 1371 1115 1402 illa
1148 1373 1488 1411 accesserimus,
1515 1373 1596 1404 for·

970 1422 1094 1448 tasse
1133 1417 1455 1458 perspiciemus
1495 1417 1596 1450 faci-

971 1462 1074 1497 lius,
1106 1466 1146 1493 et
1179 1467 1465 1502 posteaquam
1498 1472 1597 1494 cou-

970 1508 1274 1544 stituerimus,
1327 1516 1435 1547 quae
1483 1510 1599 1539 ante-

973 1552 1130 1584 cedere
1155 1553 1231 1583 illa
1258 1551 1460 1591 debeant,
1491 1561 1599 1584 nuuc

973 1596 1153 1628 nondum
1187 1598 1362 1639 legibus
1400 1597 1598 1637 definita,

972 1643 1080 1673 haec
1111 1642 1204 1683 ipsa
1233 1643 1435 1684 syssitiis
1464 1643 1598 1674 veluti

973 1687 1282 1726 obtendemus,
1320 1687 1430 1727 quod
1473 1687 1598 1719 modo

975 1732 1249 1772 dicebamus,
1280 1735 1364 1764 tarn
1391 1732 1480 1773 ipsa
1507 1743 1599 1773 per—

975 1777 1206 1819 spiciemus
1264 1787 1446 1808 accura
1467 1778 1597 1817 tius,

974 1824 1241 1863 quam'leges
1268 1822 1321 1853 iis
1347 1823 1598 1854 convenien-

973 1873 1038 1899 tes
1072 1867 1249 1899 facilius
1285 1867 1396 1898 ferre
1435 1868 1597 1908 poteri·

974 1922 1069 1944 mus.
1104 1913 1288 1953 Exquibus
1312 1913 1500 1953 apparebit,
1525 1913 1597 1954 opi·

973 1967 1048 1994 nor,
1073 1956 1125 1987 ι’νιι
1150 1957 1204 1988 καὶ
1227 1955 1426 1998 αφικόμειοι
1450 1963 1598 1996 servato,

973 2004 1083 2035 omnia
1124 2014 1202 2034 sese
1238 2002 1362 2034 babere
1395 2003 1596 2036 rectissime.

974 2050 1018 2080 At
1059 2058 1157 2087 vero,
1202 2048 1330 2088 inquis,
1367 2057 1432 2078 non
1468 2051 1598 2080 temere

974 2098 1084 2125 tamen
1120 2093 1367 2134 Stephanus
1401 2093 1452 2123 hic
1475 2093 1597 2134 aliquid

974 2138 1166 2171 mutandum
1193 2137 1319 2169 statuit.
1367 2137 1530 2170 Nimirum
1547 2137 1598 2169 liic

974 2189 1012 2216 ut
1036 2184 1082 2216 ita
1106 2183 1282 2220 iudicaret,
1306 2183 1377 2214 sola
1395 2183 1450 2214 illa
1479 2183 1598 2215 vocula

973 2241 1009 2260 τε
1047 2225 1239 2261 commotus
1276 2232 1347 2267 est,
1386 2238 1484 2268 quam
1516 2227 1597 2259 vidi-

974 2283 1049 2306 mus
1074 2276 1163 2306 nullo
1187 2273 1326 2314 negotio
1358 2274 1390 2304 in
1413 2285 1448 2314 γε
1476 2273 1596 2305 mutari

974 2329 1086 2361 posse.
1157 2318 1367 2358 Quamquam
1416 2317 1595 2350 videndum

975 2368 1046 2402 est,
1078 2373 1117 2396 an
1152 2373 1192 2395 ne
1224 2362 1284 2395 lrac
1322 2363 1456 2403 quidem
1489 2367 1596 2394 mutn-

973 2410 1066 2442 tione
1089 2418 1172 2450 opus
1198 2409 1253 2439 sit.
1300 2408 1413 2441 Quum
1434 2409 1519 2440 euim
1546 2407 1598 2439 liic

974 2455 1058 2487 liber
1084 2453 1239 2485 Platonis
1264 2455 1382 2495 plenus
1410 2453 1453 2484 sit
1476 2462 1598 2485 anaco-

973 2499 1073 2533 luthis
1097 2499 1205 2532 omnis
1231 2499 1382 2539 generis,
1417 2499 1487 2530 ficri
1518 2507 1596 2538 pro·

973 2544 1064 2577 secto
1095 2547 1228 2584 potest,
1261 2549 1297 2575 ut
1320 2544 1397 2575 inde
1421 2554 1439 2575 a
1464 2542 1595 2575 verbis:

973 2589 1027 2621 ἵνα
1050 2589 1105 2620 καὶ
1125 2587 1328 2632 ἀφικόμενοι
1352 2602 1379 2621 κ.
1408 2601 1438 2620 τ.
1463 2589 1492 2624 λ.
1521 2597 1597 2619 ora-

974 2635 1021 2665 tio
1047 2643 1162 2666 rursus
1187 2634 1228 2666 ab
1253 2634 1403 2666 instituta
1423 2633 1475 2664 via
1498 2633 1595 2664 aber—

974 2684 1025 2712 ret
1051 2683 1083 2712 et
1109 2680 1152 2712 ad
1186 2681 1251 2712 alia
1276 2679 1387 2712 omnia
1412 2678 1594 2711 deferatur.
