1644 2886
261 99 469 144 XXXVl
687 99 1163 144 PROLEGOMENA

262 211 575 265 celebritatem,
605 213 666 253 ita
693 212 738 252 in
765 210 936 267 Legum
964 226 1094 267 opere
1123 212 1407 269 disputationi
1433 213 1584 255 merito

263 268 399 311 visum
444 272 511 310 est
553 266 681 322 longe
719 265 1009 321 aptissimum,
1055 274 1196 311 certae
1233 267 1414 312 alicuius
1443 269 1586 325 reipu-

264 324 401 366 blicae
438 324 555 366 cives
594 328 644 364 ut
683 328 878 366 oratores
914 322 1153 378 producere
1167 357 1178 372 ,
1202 324 1292 379 qui
1330 323 1383 368 de
1424 325 1587 380 patriae

262 394 364 423 suae
406 378 574 435 legibus
613 383 658 420 et
694 377 904 421 institutis
944 393 1040 421 cum
1081 380 1338 423 Atheniensi
1366 381 1582 436 colloque-

263 441 422 478 rentur.
491 432 610 487 Quin
646 432 817 476 videtur
853 435 948 491 ipsa
975 449 1068 490 res,
1098 434 1152 478 de
1182 450 1267 491 qua
1294 436 1456 492 agitur,
1490 436 1585 478 dili-

254 490 500 547 gentiorem
544 495 744 532 notorum
789 489 1007 532 hominum
1057 490 1397 548 designationem
1433 508 1510 549 pro
1543 507 1585 534 e·

263 545 434 589 modum
463 544 761 602 prohibuisse,
803 547 1055 602 praesertim
1093 562 1224 602 quum
1252 562 1333 603 nec
1359 548 1471 590 inter
1542 563 1586 590 a·

263 601 560 644 cedaemonios
597 616 676 644 nec
714 603 823 644 inter
877 602 1108 646 Cretenses
1146 604 1250 646 clari
1287 604 1471 646 nominis
1506 604 1586 646 viri

263 658 503 711 extiterint,
542 658 616 713 qui
655 665 871 700 oratorum
909 659 1102 714 partibus
1134 668 1249 702 reete
1279 659 1587 714 commodeque

263 714 552 771 fungerentur.
611 712 764 769 Itaque
803 714 1135 769 prudentissime
1166 714 1329 758 Clinias
1359 723 1403 758 et
1430 715 1587 772 Megil-

263 770 328 813 lus
357 769 553 823 omnino,
588 769 697 812 alter
733 775 782 812 ut
820 770 1211 826 Lacedaemonius,
1250 771 1356 814 alter
1392 777 1442 813 ut
1483 770 1586 817 Cre-

262 825 412 880 tensis,
441 826 649 868 sermonis
679 826 912 882 participes
940 827 1226 869 nominantur.

372 880 463 924 Sed
500 896 758 936 quamquam
794 897 1002 937 personae
1041 882 1202 940 dialogi
1239 898 1386 925 omnes
1416 884 1585 939 ignoto-

262 953 355 980 rum
385 952 436 980 ac
465 937 665 980 fictorum
693 938 911 980 hominum
929 946 1044 992 sunt,
1074 945 1216 981 tamen
1235 945 1382 981 nostro
1414 937 1586 994 quidem

262 993 420 1036 iudicio
448 993 625 1036 multum
663 1008 688 1035 a
723 1001 842 1036 recto
882 995 1154 1048 aberraverit,
1192 995 1228 1038 si
1254 995 1350 1050 quis
1389 1009 1463 1037 eos
1500 994 1587 1035 exi·

262 1049 405 1093 stimet
447 1049 565 1092 nulla
598 1064 652 1091 ex
688 1057 812 1105 parte
841 1050 1001 1093 certius
1032 1049 1216 1093 describi
1244 1057 1320 1093 aut
1346 1050 1586 1093 accuratius

263 1105 492 1162 designari.
560 1105 659 1147 Hoc
696 1106 830 1160 enim,
881 1112 1088 1160 quantum
1131 1106 1302 1162 quidem
1337 1122 1413 1164 per
1451 1106 1587 1162 ipsam

263 1162 323 1204 rei
351 1162 559 1203 rationem
596 1160 691 1203 fieri
727 1162 892 1218 potuit,
932 1162 1083 1217 utique
1121 1163 1226 1205 satis
1267 1162 1485 1219 eleganter
1524 1161 1586 1203 fa-

263 1223 378 1260 ctum
409 1223 489 1260 est.
546 1216 659 1259 Nam
687 1217 868 1272 primum
927 1218 1070 1260 uidem
1092 1233 1253 1272 omnes,
1282 1226 1325 1261 et
1352 1217 1588 1261 Athenien-

264 1274 324 1317 sis
354 1273 451 1326 ille,
490 1277 534 1315 et
569 1272 775 1330 Megillus
801 1280 856 1316 .et
925 1274 1071 1328 linias,
1097 1273 1331 1316 identidem
1360 1287 1484 1317 senes
1512 1287 1588 1316 vo-

264 1336 413 1372 cantur
442 1337 486 1371 et
514 1328 637 1371 senili
665 1344 782 1372 more
821 1329 1090 1385 disputantes
1127 1330 1412 1384 inducuntur,
1456 1328 1589 1371 veluti

264 1385 385 1428 Libr.
425 1384 460 1429 I.
497 1400 539 1441 p.
580 1386 675 1426 625.
715 1385 767 1426 B.
809 1386 902 1427 634.
943 1385 998 1428 D.
1038 1387 1134 1429 635.
1154 1387 1223 1428 'A.
1250 1385 1304 1428 Ε.
1332 1385 1394 1427 Π.
1422 1400 1463 1440 p.
1493 1386 1587 1427 657.

264 1441 321 1484 D.
361 1440 445 1483 111.
483 1455 528 1495 p.
566 1441 660 1483 685.
700 1442 755 1482 A.
794 1440 875 1483 IV.
915 1457 955 1496 p.
995 1443 1090 1483 715.
1130 1441 1185 1483 Ῐ).
1214 1441 1295 1484 V1.
1334 1457 1374 1498 p.
1408 1440 1503 1483 752.
1532 1440 1587 1482 A.

213 1544 226 1557 ι
265 1497 360 1540 769.
390 1498 446 1540 Α,
479 1497 572 1540 770.
601 1498 658 1539 Α.
689 1496 793 1539 VlI.
821 1512 865 1553 p.
897 1498 991 1539 799.
1019 1497 1077 1540 D.
1105 1497 1165 1540 X.
1195 1512 1236 1553 p.
1267 1499 1363 1540 892.
1393 1497 1450 1539 D.
1479 1495 1588 1538 XII.

263 1569 305 1609 p.
347 1554 443 1595 957.
483 1554 539 1596 A.
598 1551 729 1606 Quod
764 1568 890 1608 quam
919 1553 1026 1596 scite
1052 1553 1352 1610 eleganterque
1381 1553 1439 1595 sit
1466 1551 1588 1595 insti·

265 1615 430 1664 tutum,
467 1622 535 1651 res
577 1608 673 1664 ipsa
709 1609 910 1663 loquitur.
981 1609 1094 1652 Nam
1124 1610 1304 1665 primum
1335 1608 1507 1664 quidem
1534 1607 1589 1650 ad

264 1663 608 1709 constituendam
647 1671 776 1720 atque
813 1665 981 1721 legibus
1019 1664 1253 1708 ornandam
1282 1665 1410 1707 talem
1438 1664 1587 1707 civita-

265 1728 378 1775 tem,
421 1720 560 1775 qualis
587 1727 653 1763 est
681 1720 788 1763 haec
826 1720 1041 1775 Platonis,
1077 1721 1320 1764 necessario
1359 1720 1589 1775 requiritur

265 1777 505 1820 diuturnior
532 1790 672 1819 rerum
701 1792 804 1819 usus
833 1783 962 1832 atque
990 1776 1216 1833 prudentia
1254 1777 1392 1819 civilis
1423 1776 1588 1832 longio-

263 1833 321 1876 ris
367 1834 484 1875 vitae
530 1833 825 1875 observatione
875 1832 1080 1887 collecta,
1125 1832 1264 1887 qualis
1307 1832 1501 1888 profecto
1545 1831 1589 1872 in

266 1904 393 1932 unam
432 1888 613 1931 maxime
652 1895 835 1932 aetatem
864 1889 1175 1945 provectiorem
1204 1887 1332 1930 cadit.
1392 1886 1446 1929 Id
1474 1885 1590 1940 quod

264 1944 548 2043 ffihilosophus
587 1946 682 2000 ipse
720 1959 851 2000 quum
889 1944 991 1987 alibi
1027 1951 1118 1986 tum
1157 1944 1278 1987 Libr.
1307 1943 1391 1987 IV.
1421 1959 1463 1999 p.
1494 1944 1586 1985 715.

304 2033 315 2044 .
354 2008 398 2044 et
437 2001 558 2045 Libr.
595 2000 705 2043 X-II.
747 2008 853 2044 extr.
895 2015 983 2043 non
1011 2000 1194 2044 obscure
1223 2001 1260 2043 si
1293 1998 1452 2042 nificat.
1508 1997 1588 2040 Ni-

265 2057 415 2100 mirum
445 2057 678 2113 antiquitas
706 2056 896 2099 nondum
925 2056 1131 2111 credidit,
1163 2071 1248 2112 quo
1308 2054 1443 2096 nostri
1472 2053 1586 2096 scili·

262 2119 331 2155 cet
358 2113 574 2169 sapientes
617 2113 702 2156 iam
740 2112 996 2168 decantant,
1035 2118 1296 2156 senectutem
1323 2109 1420 2152 ideo
1447 2115 1589 2152 mente

264 2176 308 2211 et
331 2168 506 2225 ingenio
526 2169 664 2211 minus
685 2169 839 2224 valere,
867 2168 968 2223 quia
987 2169 1163 2212 cerebro
1179 2167 1394 2210 laboraret
1419 2165 1588 2208 iamiam

263 2225 479 2268 exsiccato
494 2230 622 2280 atque
651 2225 866 2276 arefact03
894 2223 971 2267 sed
1001 2239 1094 2267 eam
1119 2222 1347 2281 prudentia
1377 2227 1421 2264 et
1449 2236 1587 2264 rerum

270 2295 351 2332 usu
388 2280 543 2324 ceteris
580 2280 831 2324 mortalibus
868 2280 1116 2338 longissime
1158 2278 1411 2322 antecellere
1439 2277 1585 2320 voluit.
1640 2333 1644 2336 .

265 2337 495 2380 Praeterea
533 2336 661 2380 etiam
699 2337 744 2379 in
781 2337 935 2394 vulgus
973 2341 1122 2380 notum
1159 2341 1226 2378 est
1257 2333 1372 2391 apud
1409 2331 1588 2389 Sparta-

264 2407 342 2437 nos
383 2392 559 2448 quidem
606 2403 728 2436 certe
766 2392 1003 2436 iunioribus
1037 2391 1208 2449 publice
1243 2391 1375 2434 fuisse
1413 2388 1587 2431 interdi-

263 2456 406 2503 ctum,
459 2463 512 2492 ne
550 2447 604 2492 de
645 2449 773 2492 rebus
825 2448 880 2491 ad
925 2463 1012 2491 rem
1046 2447 1229 2491 ublicam
1279 2445 1587 2503 pertinentibus

268 2505 537 2561 disputarent
575 2510 650 2548 aut
684 2505 882 2548 instituta
921 2504 1009 2560 pub
1028 2504 1095 2546 ica
1144 2503 1232 2546 ullo
1271 2501 1398 2545 modo
1444 2516 1586 2558 repre-

266 2561 524 2613 henderent3
562 2560 608 2603 id
644 2560 760 2616 quod
797 2560 939 2604 verbis
979 2559 1149 2603 disertis
1186 2558 1307 2601 Libr.
1345 2558 1379 2600 1.
1419 2573 1459 2615 p.
1492 2558 1584 2599 635.

267 2619 317 2659 A.
359 2617 646 2661 admonemur.
720 2616 935 2671 Quocirca
973 2615 1080 2659 satis
1119 2619 1314 2671 apertum
1354 2619 1421 2657 est
1449 2611 1585 2669 philo-
