1644 2886
271 110 357 152 Cn
699 106 1174 151 PROLEGOMENA

275 220 379 263 Vll.
399 236 440 276 p.
462 223 558 263 811.
586 217 635 262 C.
653 217 782 260 VIII.
816 233 858 273 p.
878 219 973 261 846.
1006 219 1047 260 D
1069 242 1119 249 -
1141 215 1236 260 847.
1259 218 1315 260 A.
1335 216 1419 261 IX.
1442 234 1483 274 p.
1509 220 1605 261 854.

271 276 330 318 D.
356 276 415 318 X.
445 291 486 330 p.
517 275 612 314 904.
643 273 698 313 A.
727 273 840 317 Xdl.
873 270 920 316 C.
953 289 995 329 p0
1023 273 1120 315 960,
1178 273 1336 316 Gravis
1358 289 1460 316 vero
1480 288 1606 316 accu-

272 332 399 383 satio,
422 345 471 371 ac
490 335 610 370 tanto
631 329 930 383 truculentior,
963 329 1080 384 quod
1098 328 1208 371 adeo
1227 340 1323 371 cum
1353 330 1491 372 bonae
1523 330 1606 371 exi-

273 385 530 429 stimationis
549 383 796 426 discrimine
818 392 884 427 est
906 387 1151 427 coniuncta.
1196 381 1485 428 Nihilominus
1505 400 1607 427 vero

273 442 344 483 hic
373 455 547 494 quoque
575 446 722 482 nostra
751 441 966 482 sententia
994 441 1114 483 salva
1142 447 1229 482 stat
1255 440 1449 482 Platonis
1480 440 1606 494 fides,

273 495 621 550 quandoquidem
659 510 739 537 nec
771 497 1027 552 ineptiarum
1056 496 1215 538 crimen
1243 511 1391 538 verum
1419 496 1606 549 videtur,

275 567 354 593 nec
392 551 558 594 servilis
596 551 846 594 imitationis
887 552 1078 594 studium
1115 566 1294 606 usquam
1340 552 1608 593 animadver-

272 609 391 649 titur.
461 608 529 648 De
569 621 657 660 qua
697 622 742 649 re
781 609 984 662 quoniam
1021 609 1197 663 longum
1237 613 1304 651 est
1342 622 1392 649 ac
1431 607 1608 650 difficile

272 663 355 705 hoc
386 663 482 704 loco
512 658 718 717 peculiari
747 675 879 717 opera
906 674 1142 719 exponere,
1174 664 1217 704 in
1247 664 1524 705 annotatione
1554 662 1610 704 ad
1639 691 1644 695 -—

274 719 470 774 singulos
507 719 604 759 illos
643 719 762 760 locos
803 734 891 760 rem
920 726 1020 760 ‚tam
1051 719 1180 760 certis
1212 719 1474 774 argumentis
1505 733 1609 760 con·
1641 757 1644 763 .

272 774 559 827 firmabimus,
604 781 654 815 ut
693 781 816 815 extra
863 790 1031 816 omnem
1069 774 1379 816 dubitationem
1412 781 1609 830 ponatur.
1639 776 1644 788 ²

273 830 422 872 Unum
463 836 606 872 tamen
644 830 785 871 locum
826 830 895 872 hic
935 830 1119 884 exempli
1160 844 1313 872 caussa
1343 844 1608 872 memorasse

272 886 452 928 iuvabit,
511 887 597 927 lest·
618 885 655 927 is
687 886 808 927 Libr.
837 886 873 928 L
904 902 946 941 p.
976 887 1072 927 642.
1105 886 1163 928 D.⁴
1192 886 1243 927 E.
1283 886 1357 927 ubi
1388 886 1611 941 Epimeni-

274 941 349 983 des
384 948 581 983 narratur
619 940 766 982 decem
805 940 931 983 annis
972 948 1072 983 ante
1113 941 1214 983 belli
1247 941 1411 983 Persici
1441 942 1610 982 initium

273 997 472 1039 Athenas
512 997 697 1038 venisse⁴
761 996 891 1048 Quod
921 1012 1051 1051 quum
1081 997 1278 1038 omnibus
1310 996 1514 1038 historiae
1548 1003 1611 1038 te-

273 1053 484 1095 stimoniis
540 1053 690 1093 mirum
749 1059 957 1106 quantum
1019 1051 1291 1105 adversetur,
1351 1053 1610 1094 Zellerus

273 1109 477 1151 continuo
516 1109 760 1162 suspicatus
802 1115 870 1150 est
907 1108 1159 1163 scriptorem
1198 1114 1375 1163 propter
1423 1108 1611 1163 ineptam

271 1164 552 1205 imitationem
596 1164 679 1205 loci
726 1162 925 1218 Sympos.
977 1179 1018 1218 p.
1059 1165 1153 1206 201.
1197 1164 1252 1204 D.
1301 1164 1345 1204 in
1393 1163 1611 1218 ingentem

272 1220 403 1261 istum
445 1233 631 1260 errorem
668 1218 892 1274 delapsum
928 1233 1036 1261 esse.
1107 1219 1281 1274 Quippe
1317 1219 1377 1261 ibi
1418 1219 1612 1260 Diotima

272 1282 472 1317 narratur
513 1281 680 1330 pestem
720 1275 772 1315 ab
811 1274 1152 1316 Atheniensibus
1185 1275 1385 1329 precibus
1434 1275 1524 1315 suis
1567 1275 1611 1315 in

272 1331 528 1373 decennium
560 1345 878 1372 averruncasse.
949 1333 1011 1372 At
1040 1330 1150 1371 enim
1181 1345 1280 1371 vero
1312 1331 1408 1383 quis
1438 1330 1611 1371 tandem

273 1384 354 1428 sibi
394 1383 654 1441 persuadeat
693 1386 948 1440 scriptorem
1002 1401 1120 1426 mera
1169 1385 1364 1427 decennii
1395 1386 1610 1427 mentione

271 1457 322 1483 eo
353 1457 448 1483 esse
476 1441 725 1492 deductum,
756 1448 805 1482 ut
834 1439 887 1482 de
919 1441 1017 1483 belli
1049 1441 1214 1483 Persici
1254 1442 1476 1496 ipsiusque
1507 1441 1611 1496 Epi-

270 1498 454 1539 menidis
491 1497 759 1553 temporibus
796 1511 863 1538 res
903 1497 1027 1552 plane
1064 1496 1283 1539 inauditas
1319 1497 1612 1539 comminisce-

272 1552 421 1595 retur?
498 1553 712 1595 Nimirum
762 1566 957 1594 caussam
1006 1553 1263 1594 narrationis
1318 1553 1434 1593 illius
1489 1552 1612 1593 aliter

271 1624 364 1651 esse
403 1606 715 1663 expediendam
743 1609 964 1650 verissime
994 1615 1253 1650 censuerunt
1282 1608 1367 1659 alii,
1399 1614 1448 1649 ut
1479 1608 1611 1649 mirae

271 1665 396 1706 istius
427 1665 677 1706 temeritatis
708 1664 898 1718 suspicio
929 1665 1101 1706 omnino
1125 1664 1277 1718 procul
1309 1662 1507 1705 habenda
1541 1664 1610 1705 sit.

271 1721 332 1761 Et
378 1720 483 1761 haec
535 1718 708 1773 quidem
756 1715 809 1760 de
849 1719 1025 1774 putidae
1065 1727 1108 1760 et
1150 1720 1322 1774 ineptae
1359 1719 1610 1760 imitationis

272 1776 448 1818 crimine
486 1775 530 1816 in
560 1776 731 1831 Legum
761 1784 978 1816 auctorem
1007 1776 1219 1816 coniecto.
1280 1773 1410 1827 Quod
1440 1782 1611 1828 postea-

273 1847 400 1886 quam
431 1831 556 1885 quale
587 1832 660 1883 sit,
691 1831 797 1871 satis
828 1827 1044 1886 apparuit,
1076 1846 1156 1885 age
1179 1829 1348 1871 tandem
1380 1829 1611 1882 aliquando

272 1886 528 1928 accedamus
558 1886 612 1927 ad
638 1886 944 1940 disputationis
964 1886 1294 1928 conclusionem.
1354 1884 1612 1940 Colligenda

271 1943 383 1984 enim
410 1957 523 1984 nunc
553 1943 686 1983 veluti
716 1942 888 1997 singula
911 1942 1002 1983 eius
1034 1948 1196 1996 puncta
1226 1951 1341 1993 sunt,
1375 1955 1460 1994 quo
1491 1939 1611 1981 deni-1

272 2013 355 2052 que
394 1998 498 2052 quid
542 1997 596 2039 de
625 1997 828 2039 universo
859 1998 1027 2053 Legum
1057 2011 1185 2052 opere
1215 1998 1394 2050 eiusque
1425 1997 1610 2037 auctori-

272 2061 362 2095 tate
394 2053 723 2096 existimandum
754 2054 825 2107 sit,
858 2060 976 2095 certo
1006 2052 1274 2094 decernatur.

1632 2847 1644 2886 lli
