1644 2886
453 68 536 153 υἷ’]
575 109 853 153 LEGIBUS
887 118 970 152 etc.
1278 109 1408 151 LXV

42 225 93 266 U.
125 221 317 277 ἄθλημα
349 223 582 278 παιδικόν,
612 223 778 280 scripta
809 223 1022 280 legantur.
1084 222 1172 266 Sed
1207 221 1274 264 his
1306 222 1408 264 mis·

42 282 103 323 sis
151 279 378 324 videamus
425 280 480 324 de
533 282 672 323 forma
721 284 1078 336 ἱλεούμενοι,
1125 294 1242 335 quae.
1290 284 1408 323 extat

45 336 167 379 hibr.
208 337 316 382 VII.
355 354 397 395 p.
438 340 520 380 804
568 338 619 380 B.
681 337 748 380 Ibi
781 352 884 380 vero
916 337 1149 380 manifesto
1179 335 1322 379 oratio
1351 335 1408 377 ad

0 387 10 452 l
42 393 256 437 rationem
295 395 513 452 poeticam
554 402 734 452 propter
774 395 838 436 rei
869 409 982 450 quae
1013 394 1160 450 agitur
1187 393 1406 451 magnitu-

0 456 2 508 ζ
41 450 190 494 dinem
219 458 286 494 est
325 452 622 504 conformata,
661 461 711 494 ut
740 465 822 494 nec
861 451 1016 494 mirum
1047 451 1119 506 sit,
1153 450 1272 506 quod
1303 465 1407 506 poe-

0 509 1 561 }
41 508 131 551 tica
160 508 284 551 verbi
313 509 474 563 forma,
518 524 606 564 qua
642 523 747 552 usus
793 515 861 550 est
892 511 928 550 A
947 507 1218 565 eschylus
1250 507 1407 564 Suppl.

48 566 137 609 123.
185 566 302 620 134„
345 564 401 608 ad
437 581 528 608 rem
567 571 840 622 praesentem
890 564 1087 607 adhibita
1126 571 1206 607 est.
1285 564 1409 608 Solet

41 622 157 664 enim
187 623 378 679 scriptor
406 623 524 677 talia,
558 622 688 665 sicuti
719 628 848 664 antea
874 621 1170 675 ostendimus,
1203 621 1407 678 prudenti

41 679 247 722 consilio·
261 680 462 736 tinguere
499 679 646 722 colore
674 679 876 735 poetico,
915 678 1035 734 quod
1068 678 1246 733 quidem
1277 679 1406 720 etiam

42 736 357 779 vocabulorum
401 737 552 779 formis
593 735 778 792 prodere
815 751 905 779 non
948 735 1181 778 dubitavit.
1250 735 1406 777 Paullo

41 792 127 835 alia
167 799 313 836 autem
354 793 467 836 ratio
516 800 584 837 est
629 793 808 835 Ionicae
858 792 1066 835 dictionis
1116 807 1186 835 σω
1202 807 1404 850 φρονι-

41 850 212 901 στύος
240 855 399 894 ἕνεκα
428 851 476 893 in
504 850 544 894 le
580 850 615 893 is
645 850 831 892 formula
862 849 1051 906 quadam
1082 849 1204 892 Libr.
1243 848 1329 891 XI.
1363 865 1404 906 p.

41 908 137 950 933.
166 907 218 952 Ε.
253 906 490 950 adhibitae.
547 866 767 950 {Hmimm
787 907 849 950 ibi
878 913 1055 950 vetusta
1073 907 1223 963 legum
1253 905 1406 963 lingua

40 964 285 1007 imitatione
326 979 538 1020 expressa
564 972 652 1020 est,
687 965 732 1007 in
764 979 851 1020 qna
881 963 1060 1007 dialecti
1092 963 1273 1006 Ionicae
1303 963 1404 1006 reli-

41 1021 169 1077 quiae
212 1021 306 1065 sine
347 1021 483 1065 dubio
527 1037 578 1064 su
613 1023 790 1064 erstites
840 1021 1118 1065 mansissent.
1201 1020 1405 1076 Denique

41 1092 123 1121 nec
161 1080 348 1133 ἑξαγριῶ
389 1079 511 1121 Libr.
546 1079 564 1121 1
620 1111 630 1121 .
661 1095 702 1135 p.
733 1080 830 1121 870.
863 1081 918 1122 A.
949 1085 994 1121 et
1023 1078 1110 1121 XI.
1140 1094 1182 1134 p.
1215 1079 1315 1120 935.
1348 1079 1404 1120 A.

41 1134 160 1190 quod
190 1135 297 1179 alibi
324 1137 585 1192 ὲξαγριαίνω
615 1135 802 1190 dicitur,
843 1135 1082 1191 quidquam
1113 1135 1248 1178 habet
1277 1134 1405 1178 dubi-

39 1192 244 1247 tationis,
285 1191 639 1248 quandoquidem
670 1199 856 1248 utraque
883 1193 1024 1235 forma
1052 1192 1217 1249 pariter
1246 1192 1405 1235 usitata

41 1257 86 1292 ct
125 1250 180 1292 ab
218 1250 396 1306 optimis
435 1251 684 1306 quibusque
725 1249 1017 1306 scriptoribus
1058 1249 1280 1292 celebrata
1310 1249 1404 1291 fuit.

40 1306 196 1362 Itaque
228 1306 353 1348 facile
383 1307 469 1349 iam
506 1307 792 1363 intelligitur,
838 1307 1012 1362 opinor,
1043 1306 1129 1349 ista
1168 1307 1314 1349 omnia
1344 1306 1406 1348 ita

41 1378 136 1407 esse
166 1371 442 1420 comparata,
483 1368 531 1406 u't
569 1365 751 1407 eandem
796 1363 986 1406 habeant
1023 1363 1271 1421 elegantiae
1311 1363 1403 1405 lau-

41 1419 164 1475 dem,
207 1435 336 1475 quam
375 1421 420 1462 in
461 1421 656 1464 Platonis
698 1420 891 1464 dictione
922 1421 1053 1463 etiam
1083 1420 1187 1463 alibi
1217 1419 1404 1462 admira-

40 1492 150 1520 mur.
218 1477 384 1520 Verum
426 1477 577 1521 attulit
618 1477 899 1533 Zellerus,
955 1485 1004 1520 ut
1043 1484 1111 1520 est
1147 1477 1403 1535 ingeniosus

39 1535 84 1576 in
114 1534 435 1592 investigandis
464 1535 542 1589 iis,
584 1551 695 1592 quae
729 1535 900 1593 Legum
931 1534 1062 1578 fidem
1094 1534 1241 1590 aliquo
1272 1534 1402 1578 modo

39 1591 304 1635 labefactare
341 1606 474 1648 posse
502 1592 759 1647 videantur,
800 1609 842 1650 p.
874 1594 942 1637 86.
974 1593 1104 1635 etiam
1135 1592 1242 1636 alias
1273 1607 1403 1635 voca-

40 1647 241 1691 bulorum
279 1649 468 1704 formas,
508 1649 626 1693 unde
655 1664 838 1693 caussas
867 1650 1005 1692 malae
1037 1650 1301 1707 suspicionis
1333 1665 1400 1692 re·

72 1711 187 1748 etere
216 1704 382 1749 liceret.
439 1706 604 1749 Mirum
635 1707 748 1750 enim
771 1706 970 1750 accidere
994 1707 1070 1762 ait,
1103 1706 1222 1763 quod
1257 1707 1403 1763 operis

55 1762 168 1805 *uiua
210 1769 365 1806 auctor
400 1763 605 1820 cupidius
651 1771 846 1808 sectatus
894 1765 953 1807 sit
1002 1780 1128 1807 usum
1178 1765 1403 1807 nominum

39 1819 412 1863 substantivorum
440 1820 485 1863 in
516 1838 587 1876 μα
617 1828 662 1865 et
692 1838 777 1872 σις
803 1821 1162 1873 terminatorum,
1205 1836 1294 1876 quo
1325 1836 1402 1863 no-

34 1876 155 1919 'mine
195 1883 405 1919 memorat
446 1876 500 1919 de
549 1878 695 1935 priore
740 1893 900 1936 genere
947 1878 1224 1936 undeviginti
1272 1878 1400 1920 haec:

39 1931 299 1988 ἀγώνισμα,
349 1933 580 1990 ἀσέβημα,
616 1935 801 1991 βάμμα,
849 1933 1112 1991 γεώργημα,
1153 1934 1401 1988 ὃιάπαυμα,

39 1991 229 2046 ἔθισμα,
249 1989 531 2049 ἐπιθύμημα,
560 1995 764 2047 ἐστίαμα,
784 1993 1003 2055 ζημίωμα,
1035 1991 1262 2048 θήρευμα,
1285 1992 1401 2047 ἵδρυ-

39 2063 126 2102 μα,
168 2044 504 2103 κατηγόρευμα,
541 2048 838 2103 κιβδήλευμα,
871 2063 1104 2104 κοσμημα,
1130 2049 1401 2105 κωμῴὸημα,

39 2101 262 2159 ὁμίλημα,
300 2106 568 2160 πολίτευμα,
599 2103 804 2161 σκάμμα,
847 2103 1105 2164 τάφρευμας
1142 2104 1402 2162 posterioris

41 2165 186 2203 autem
225 2161 400 2218 generis
438 2162 634 2219 quinque
674 2162 850 2206 nomina
890 2160 1040 2205 affert:
1078 2163 1276 2219 βλάψις,
1314 2167 1399 2205 ἐπι-

39 2216 295 2274 βούλευσις,
349 2219 656 2274 ὲπικούρησις,
703 2220 961 2275 λοιδόρησις
998 2225 1044 2263 et
1091 2218 1401 2276 παράγγελσις.

41 2274 278 2318 Praeterea
305 2275 436 2318 etiam
455 2277 626 2319 notavit
655 2276 780 2332 illud,
811 2275 931 2333 quod
952 2276 1142 2333 scriptor
1159 2276 1400 2334 praecipuo

41 2331 230 2387 quodam
267 2332 414 2376 studio
443 2334 589 2377 verbis
621 2349 720 2377 cum
750 2334 1150 2390 praepositionibus
1181 2334 1401 2391 composi-

41 2392 100 2431 tis
128 2389 363 2446 abutatur,
402 2396 453 2433 ut
494 2405 629 2447 quum
656 2390 819 2434 dixerit
847 2396 1049 2448 ὲνείργω,
1080 2391 1402 2446 ἀνοσιουργέω,

40 2445 349 2502 ‹inoffi-datm,
389 2447 669 2505 διαγορεύω,
698 2450 1064 2504 διανομοθετέω,
1115 2446 1399 2506 διατρυφάω,

40 2503 268 2559 διαψέγῳ,
299 2505 538 2574 διείρηται,
580 2507 950 2561 διευλαβεῖσθαι,
980 2503 1251 2561 εὶςπράττω,
1288 2506 1398 2548 ἐκδι-

40 2557 167 2612 κάζω,
197 2562 474 2616 ὲκλαμβανω,
503 2561 806 2619 ὲξιλάσκομαι,
833 2564 1112 2618 ὲπαιὸέομαι,
1142 2563 1401 2620 ἐπωφελεῖν,

43 2614 388 2671 καταβλάπτειν,
427 2623 730 2676 κατακρίνειν,
771 2622 1101 2674 καταμιαίνειν,
1150 2620 1399 2677 καταφθεί-

40 2688 132 2729 ρειν
163 2691 201 2716 κ.
233 2690 271 2717 r.
300 2675 338 2716 λ.
398 2674 632 2721 Enimvero
673 2675 727 2718 de
771 2675 838 2719 his
879 2676 1029 2719 formis
1061 2675 1263 2718 omnibus
1293 2675 1399 2731 quid

1093 2744 1128 2785 Ε
