1644 2886
283 113 360 153 354
790 111 1176 154 PLATONIS

283 228 361 279 τῆς
394 224 528 280 λύρας
563 228 888 282 προςχρῆσθαι,
934 232 1172 284 σαφηνείας
1217 233 1336 271 ἕνεκα
1383 233 1467 274 τῶν
1498 249 1600 287 χορ-

283 294 383 342 δῶν,
418 292 495 335 τόν
532 308 575 334 τε
610 291 877 348 κιθαριστὴν
912 295 981 335 καὶ
1019 294 1094 336 τὸν
1131 292 1456 349 παιδευόμενον,
1490 297 1600 340 ἀπο-

283 359 486 407 διδόντας
529 356 774 413 πρόςχορόα
835 356 888 400 τὰ
935 359 1175 416 φθέγματα
1218 368 1309 409 τοῖς
1351 360 1600 420 φθέγμασι·

286 423 366 475 τὴν
402 422 444 465 δ’
486 427 779 481 ἑτεροφωνίαν
813 427 884 466 καὶ
921 428 1138 468 ποικιλίαν
1177 427 1252 477 τῆς
1286 424 1446 482 λύρας,
1490 426 1601 471 ἄλλα

282 493 361 544 μὲν
393 488 502 544 μέλη
538 491 625 531 τῶν
654 491 825 545 χορδῶν
860 493 1023 540 ἱεισῶν,
1069 490 1181 534 ἄλλα
1226 494 1269 534 δὲ
1305 496 1383 536 τοῦ
1418 490 1499 545 τὴν
1531 511 1602 548 με·

283 557 444 610 λῳδίαν
487 555 731 607 ξυνθέντος
774 559 980 608 ποιητοῦ,
1024 561 1095 600 καὶ
1152 556 1203 610 δη
1248 561 1319 601 καὶ
1354 559 1603 612 πυκνότητα

280 619 495 675 μανότητι
532 625 603 664 καὶ
639 622 774 700 ταχος
806 623 1046 678 βραδυτῆτι
1079 627 1150 666 καὶ
1178 622 1366 676 ὀξύτητα
1389 624 1603 703 βαρύτητι

219 687 251 727 E
282 687 515 746 ξύμφωνον
550 691 622 731 καὶ
655 687 906 746 ἀντίφωνον
943 688 1277 745 παρεχομένους,
1312 696 1382 733 καὶ
1419 693 1505 733 τῶν
1530 691 1603 749 ῥυ-

280 755 415 809 θμῶν
458 753 657 805 ὠςαύτως
701 754 963 797 παντοδαπα
1021 758 1282 810 ποικίλματα
1332 758 1606 812 προςαρμότ-

280 836 441 870 τοντας
484 828 596 863 τοῖσι
643 819 867 879 φθόγγοις
912 822 988 871 τῆς
1034 820 1191 875 λύρας,
1234 838 1382 864 παντα
1425 817 1504 865 οὖν
1550 822 1601 864 τα

280 888 465 929 τοιαῦτα
498 884 557 942 μὴ
594 885 852 945 προςφέρειν
887 894 976 936 τοῖς
994 885 1221 942 μέλλουσιν
1243 892 1288 930 ὲν
1323 904 1461 942 τρισιν
1495 892 1601 931 ἔτεσι

280 951 330 996 τὸ
380 954 455 1003 τῆς
501 954 707 1007 μουσικῆς
744 951 957 1006 χρήσιμον
1005 953 1278 1011 ἐκλήψεσθαι
1323 952 1393 996 διὰ
1431 953 1602 1010 τάχους.

280 1017 335 1062 τοὶ
371 1016 456 1072 γὰρ
492 1021 669 1061 ἐναντία
706 1015 872 1069 ἄλληλα
922 1015 1197 1072 ταράττοντα
1235 1021 1487 1075 δυςμαθίαν
1521 1035 1603 1062 πα-

279 1083 414 1141 ρὲχει,
451 1087 512 1127 δεῖ
546 1086 590 1137 δὲ
626 1082 648 1127 ὅ
687 1100 727 1126 τι
764 1084 954 1138 μάλιστα
990 1083 1201 1139 εὐμαθεῖς
1245 1083 1352 1128 εἶναι
1390 1085 1493 1135 τοὺς
1536 1086 1602 1128 νέ-

281 1165 375 1200 ους·
412 1150 465 1192 τὰ
502 1149 586 1206 γὰρ
618 1148 837 1203 ἀναγκαῖα
875 1149 924 1192 οὐ
963 1149 1118 1204 σμικρὰ
1158 1151 1251 1194 οὐδ’
1294 1151 1418 1205 ὀλίγα
1454 1151 1604 1201 αὐτοῖς

367 1303 610 1337 Ξυνθέντος
636 1304 836 1346 ποιητοῦ]
866 1307 926 1335 τοῦ
953 1306 1097 1344 ποιητοῦ
1121 1305 1157 1335 Ξ.
1186 1314 1213 1334 v.
1241 1304 1262 1335 s.
1291 1303 1318 1336 h.
1345 1315 1374 1336 a.
1401 1314 1449 1343 m,
1479 1309 1514 1335 ut
1541 1305 1600 1334 ha-

278 1350 336 1382 bet
363 1349 439 1381 Bas.
467 1349 499 1382 2.
550 1349 635 1380 Dein
661 1347 714 1379 καὶ
741 1353 819 1389 post
844 1346 883 1388 δὴ
913 1359 980 1381 om.
1007 1358 1054 1390 pr.
1086 1350 1129 1380 A.
1160 1347 1198 1380 Ω.

365 1394 431 1426 καὶ
455 1393 731 1435 ἀντίφωνον]
759 1393 836 1426 Om.
862 1404 911 1435 pr.
942 1396 985 1426 A.
1016 1392 1054 1429 Ω.

370 1439 408 1471 Ε.
457 1439 724 1481 δυςμαθίαν]
755 1439 871 1472 Herm.
898 1450 985 1472 corr.
1013 1437 1236 1482 δυςμιίθειιιν.

282 1574 404 1607 Verum
431 1573 639 1606 redeundum
657 1578 710 1605 est
726 1574 907 1615 aliqnando

277 1629 395 1651 turnus
436 1618 478 1651 ad
519 1619 695 1650 Pintonem
739 1623 906 1659 nostrum,

277 1674 320 1697 ne
369 1665 467 1706 piane
520 1663 693 1696 videamur
739 1665 906 1696 cancellos

278 1710 406 1751 egre-si
432 1718 519 1740 esse.
571 1709 686 1750 ltaque
718 1708 767 1741 hi·
794 1710 908 1742 missis

276 1756 318 1787 ad
351 1758 539 1787 extremam
570 1759 699 1796 partem
733 1755 795 1786 loci
828 1755 907 1786 Pin-

277 1801 402 1839 tonici,
433 1809 531 1841 quem
566 1809 722 1831 enarrare
759 1799 905 1831 institui-

278 1854 363 1883 mus,
383 1844 606 1876 'accedamus.
662 1844 713 1878 Ea
749 1854 828 1876 vero
855 1843 912 1877 de-

277 1890 405 1922 siderat
433 1890 750 1923 commentationem
784 1890 912 1922 brevis-

277 1936 411 1968 simam.
428 1936 673 1968 Commonetur
698 1936 786 1968 enim
812 1936 911 1968 etiam

278 1981 322 2013 de
337 1980 501 2022 rhythmis
516 1989 699 2022 eorumque
716 1981 912 2020 mriatione,

276 2035 376 2068 quam
394 2023 614 2068 philosophus
638 2030 755 2059 censet
779 2026 809 2058 in
831 2036 910 2070 pne-

278 2072 334 2104 rili
360 2072 571 2104 institutione
596 2071 665 2110 iila,
692 2070 735 2103 de
759 2082 822 2112 qun
859 2072 909 2103 lo·

276 2118 410 2158 quitur,
441 2116 562 2149 seduio
595 2095 783 2149 evit’andam
818 2127 909 2150 esse.

277 2161 316 2194 ld
351 2161 441 2203 qnod
480 2160 647 2194 indicatur
692 2160 740 2193 his
777 2161 906 2194 verbis.

278 2207 421 2239 καὶτῶν
455 2203 599 2248 ῥυθμῶν
631 2204 791 2238 ὠεαύιως
825 2218 905 2239 παν-

278 2248 408 2284 τοδαπά
424 2252 614 2290 ποικίλματα
637 2250 906 2294 προεαρμᾰηον-

277 2306 340 2330 τας
370 2301 440 2333 τοῖς
478 2295 654 2339 φθόγγοις
695 2297 751 2339 τῆς
792 2296 904 2339 λύρας.

279 2343 462 2378 Enimvero
491 2353 576 2384 quae
606 2348 708 2375 antea
733 2342 774 2375 de
805 2354 905 2375 sono-

279 2398 352 2422 rum
379 2388 561 2421 velocitate
588 2392 620 2420 et
641 2387 803 2421 tarditate
836 2399 906 2421 me-

279 2438 411 2467 morata
443 2437 540 2472 sunt,
575 2443 614 2464 ea
648 2434 832 2475 pertinent,
872 2439 909 2466 ut

276 2489 340 2511 nuo
364 2479 443 2511 loco
474 2477 705 2518 ostendimus,
735 2477 777 2511 ad
809 2489 907 2511 unam

278 2523 488 2558 harmoniam
529 2527 633 2564 atque
669 2523 905 2556 declarandam

278 2570 341 2612 τῆς
365 2567 576 2610 πυκνότητος
609 2573 643 2601 et
675 2570 733 2610 τῆς
765 2567 906 2610 μανότη-

280 2623 338 2647 tos
361 2615 537 2647 rationem.
554 2613 723 2648 Quocirca
748 2623 835 2647 nunc
853 2624 906 2647 re-

277 2660 430 2692 ctissime
440 2668 595 2692 seorsum
611 2659 789 2700 exponitur
807 2660 906 2694 etiam

976 1575 1018 1607 de
1039 1575 1219 1616 rhythmis,
1242 1574 1304 1607 hoc
1319 1578 1372 1606 est
1387 1583 1600 1606 numerorum

975 1619 1231 1658 moderatione,
1261 1628 1362 1660 quam
1387 1619 1494 1650 nostri
1518 1624 1603 1652 tem—

974 1665 1067 1707 poris
1090 1663 1256 1706 (Tempu)
1290 1663 1421 1695 nomine
1447 1664 1603 1704 insignire

974 1711 1097 1746 solent,
1121 1709 1245 1740 Graeci
1277 1713 1310 1740 et
1330 1708 1441 1740 Latini
1466 1718 1603 1750 agogen

972 1753 1190 1796 rhythmicam
1221 1758 1255 1785 et
1279 1753 1410 1786 ductum
1440 1752 1601 1795 rhythmi-

973 1810 1045 1832 cum
1068 1800 1334 1841 appellaverunt.
1361 1798 1411 1829 Id>
1426 1798 1517 1838 quod
1541 1808 1602 1831 usn

978 1846 1051 1877 fere
1075 1844 1246 1877 constanti
1261 1848 1363 1885 atque
1386 1843 1537 1884 legitimo
1555 1844 1604 1883 fit,

978 1889 1247 1932 quandoquidem
1275 1899 1351 1921 cum
1367 1888 1540 1920 harmonia
1563 1888 1605 1921 de

979 1945 1075 1968 more
1106 1935 1204 1968 etiam
1235 1935 1324 1966 iliius
1349 1934 1471 1966 mentio
1496 1933 1605 1974 iungi-

979 1985 1044 2016 tur.
1070 1981 1173 2014 veluti
1200 1980 1306 2021 Legg.
1332 1979 1380 2010 II.
1403 1989 1435 2019 p.
1461 1978 1538 2013 655.
1565 1983 1602 2010 Α.

979 2026 1056 2060 665.
1092 2027 1136 2059 A.
1169 2025 1245 2060 660.
1275 2026 1312 2056 Α.
1338 2024 1412 2059 669.
1450 2024 1488 2055 Ι).
1529 2023 1604 2056 VII.

977 2071 1054 2106 800.
1081 2072 1126 2103 D.
1155 2071 1242 2103 vnI.
1266 2070 1344 2104 835.
1371 2075 1408 2102 A.
1443 2068 1528 2110 Phil„
1548 2069 1601 2103 17.

975 2117 1064 2151 C.D.
1102 2116 1219 2159 Symp.
1254 2115 1329 2149 187.
1355 2114 1393 2146 C.
1421 2114 1459 2145 Ι).
1493 2113 1598 2153 Gorg.

973 2163 1051 2197 502.
1084 2162 1122 2196 C.
1160 2162 1214 2194 De
1244 2161 1391 2202 Repu-hl.
1421 2160 1488 2191 111.
1520 2159 1600 2193 397.

973 2208 1013 2240 Β.
1046 2207 1084 2240 C.
1114 2207 1191 2241 398.
1220 2207 1258 2241 Ι).
1283 2205 1359 2240 400.
1386 2204 1426 2237 Β.
1452 2204 1495 2237 Χ.
1522 2204 1599 2238 601.

974 2255 1017 2285 Α.
1041 2254 1084 2284 al.
1111 2253 1199 2285 Huic
1224 2261 1302 2284 vero
1328 2250 1602 2292 rhythmopoeiae

973 2299 1128 2331 Graecos
1153 2298 1305 2330 novimus
1322 2296 1402 2327 item
1420 2296 1599 2336 plurimum

973 2343 1072 2375 studii
1102 2347 1204 2383 atque
1244 2351 1345 2373 curae
1382 2341 1600 2381 impendisse,

972 2387 1244 2429 quandoquidem
1287 2385 1385 2419 facile
1431 2384 1602 2424 videbunt,

974 2434 1015 2466 ad
1042 2434 1152 2466 varios
1176 2432 1278 2464 animi
1302 2440 1422 2463 sensus
1454 2435 1487 2461 et
1518 2430 1599 2462 affe-

974 2484 1051 2511 ctu·
1075 2477 1314 2519 exprimendos
1339 2476 1396 2508 ina
1422 2474 1498 2507 nihii
1524 2486 1600 2508 ene

975 2522 1271 2556 accommodatius.
1295 2522 1331 2554 ld
1355 2520 1445 2561 qnod
1465 2524 1599 2562 praeter

974 2569 1059 2601 aiio·
1125 2571 1294 2600 testantur
1361 2566 1595 2598 Aristotel.

977 2613 1114 2646 Politic.
1148 2612 1238 2645 vm.
1269 2623 1302 2653 p.
1331 2610 1408 2646 455.
1445 2615 1480 2642 et
1513 2610 1595 2642 Ari-

976 2659 1120 2691 stiden
1170 2657 1353 2692 Quintil.
1395 2667 1425 2697 p.
1459 2655 1512 2689 40.
1545 2655 1599 2687 ubi
