1644 2886
145 233 220 274 781

253 123 335 165 220
737 125 1112 169 PLATONIS

257 236 304 281 τὸ
340 239 384 280 δὲ
420 240 513 292 περὶ
548 236 628 287 τὰς
674 248 881 292 γυναῖκας
925 241 1125 295 οὐδαμῶς
1158 241 1310 296 ὀρθῶς
1343 241 1567 298 ἀνομοθέ-

254 320 386 355 τητον
429 306 634 357 μεθεῖται
681 307 752 347 καὶ
801 305 879 348 οὐκ
923 311 981 356 εἰς
1023 305 1071 350 τὸ
1119 309 1211 364 ᾳῶς
1245 301 1373 360 ἦκται
1406 306 1455 351 τὸ
1491 312 1568 361 τῆς

251 369 466 421 ξυσσιτίας
501 368 648 412 αὐτῶν
691 370 974 427 ἐπιτήδευμα,
1017 372 1113 415 ἀλλ’
1167 370 1190 416 ὃ
1224 377 1296 416 καὶ
1330 371 1469 423 ἄλλως
1504 379 1566 427 γε’-

251 452 327 483 νος
360 433 483 488 ἡμῶν
517 437 603 477 τῶν
636 435 892 491 ἀνθρώπων
934 440 1262 493 λαθραιότερον
1294 442 1462 494 μᾶλλον
1497 443 1566 481 καὶ

250 499 595 555 ἐπικλοπώτερον
629 505 732 560 ἔφυ,
777 502 824 545 τὸ
861 506 1003 555 θῆλυ,
1041 503 1111 547 διὰ
1150 503 1198 547 τὸ
1234 505 1444 556 ἀσθενές,
1490 505 1567 547 οὐκ

250 566 403 619 ὀρθῶς
447 569 600 617 τοῦτο,
649 568 840 620 εἴξαντος
885 573 961 612 τοῦ
1008 573 1283 625 νομοθέτου,
1330 572 1568 620 ὃύςτακτον

250 629 302 674 ὃν
338 631 525 689 ἀφείθη.
578 633 648 675 διὰ
695 638 738 676 δὲ
783 635 944 679 τούτου
987 639 1247 692 μεθειμένου
1290 635 1428 680 πολλοὶ
1466 635 1567 689 ὑμῖν

250 697 475 756 παρέῤῥει,
518 698 628 743 πολὺ
673 698 852 756 ἄμεινον
887 700 944 744 ἂν
981 706 1137 758 ἔχοντα
1171 708 1206 745 εὶ
1243 702 1388 758 νόμων
1422 708 1566 758 ἔτυχεν

249 761 276 816 ἢ
322 764 375 805 τά
423 766 528 807 νῦν·
571 765 622 809 οὐ
670 766 753 822 γὰρ
801 766 932 821 ἥμισυ
965 768 1104 822 μόνον
1138 773 1274 822 ἐστίν,
1320 768 1376 819 ὡς
1411 768 1568 820 δόξειεν

249 828 329 880 ἄν,
376 829 424 873 τὸ
463 834 557 885 περὶ
594 831 673 882 τὰς
708 842 916 885 γυναῖκας
948 833 1203 890 ἀκοσμήτως
1239 835 1566 892 περιορώμενον,

338 983 379 1015 Ρ.
407 983 482 1018 781.
530 983 622 1016 a'M'
649 983 668 1015 ὃ
695 986 762 1015 uni
788 986 923 1022 ἄλλως
950 987 1012 1028 -]
1044 988 1133 1019 Libri
1159 987 1250 1019 ἄλλο,

1307 988 1464 1020 Correxit
1488 989 1564 1020 Ste-

248 1028 390 1071 phanus,
417 1039 516 1071 quem
543 1039 618 1061 cum
646 1031 742 1063 Astio
767 1033 908 1074 aliisque
932 1034 1065 1073 sequuti
1090 1043 1216 1064 sumus.

291 1139 333 1171 P.
350 1140 428 1174 781.
451 1138 787 1182 ἀνομοθέτητον
810 1154 874 1184 με-

248 1186 421 1228 θεῖται]
451 1184 560 1217 Recte
593 1185 654 1218 hoc
684 1197 703 1218 a
732 1187 876 1220 Platone

248 1231 379 1262 moneri
406 1241 446 1263 ac
471 1231 604 1262 veritati
622 1234 874 1273 convenienter,

249 1275 399 1308 ostendit
425 1275 672 1308 Hoeckhius
700 1278 755 1311 De
772 1277 872 1311 Creta

247 1321 356 1353 insula
387 1321 460 1353 Vol.
486 1321 543 1353 lll.
570 1332 600 1362 p.
633 1322 705 1356 124.

292 1365 381 1397 ἀλλ’
414 1364 435 1398 δ’
473 1366 543 1397 καὶ
576 1366 710 1405 ἄλλως
736 1371 872 1410 ’γένος

247 1409 364 1454 ἡμῶν
388 1412 453 1453 ——]
499 1412 646 1444 Astius
678 1423 736 1446 cur
764 1412 874 1444 ἄλλων

247 1456 461 1489 scribendum
487 1458 684 1497 coniecerit,
714 1469 776 1490 nos
801 1460 875 1499 qui-

248 1500 325 1533 dem
359 1501 614 1544 haudquaquam
646 1504 875 1545 intelligimus,

246 1549 448 1588 praesertim
475 1558 574 1588 quum
597 1549 647 1578 vir
663 1549 874 1589 ‹loctusipse

246 1592 302 1623 καὶ
324 1591 430 1628 ἄλλως
454 1594 534 1624 olim
567 1594 744 1626 verissime
770 1594 872 1625 inter·

246 1639 398 1679 pretatus
454 1637 512 1669 sit:
573 1643 699 1670 sonst
751 1638 869 1670 ancli.

246 1681 382 1723 Quippe
411 1683 578 1714 sententia
612 1684 792 1715 verborum
823 1683 871 1715 vi—

247 1727 346 1760 detur
371 1727 453 1759 haec
479 1737 574 1761 esne:
607 1729 689 1760 Sed
717 1729 784 1769 qui
811 1739 869 1761 se-

246 1782 323 1806 xus
349 1773 491 1805 nostri
517 1774 687 1814 generis
714 1773 871 1805 humani

246 1819 325 1850 iam
351 1819 459 1850 alias
485 1823 632 1850 natura
669 1829 739 1850 sua
768 1820 870 1850 exti-

247 1864 305 1895 tit
367 1865 589 1896 occultior
653 1865 872 1905 magisque

247 1908 578 1948 clandestinus,
614 1910 874 1941 videlicet

247 1954 496 1994 muliebris,
532 1959 714 1996 propter
750 1954 879 1986 imbe-·

248 2000 494 2032 cillitatem
529 2010 665 2039 suam3
703 2001 756 2040 is,
790 1999 872 2032 non

248 2048 373 2078 recte
419 2044 460 2076 id
503 2045 772 2078 concedente
816 2047 870 2077 le-

248 2100 338 2131 gum
365 2095 567 2130 auctore,
591 2091 786 2131 quamvis
810 2101 871 2122 cn-

247 2139 339 2167 reat
369 2135 534 2177 ordine,
567 2141 704 2168 tamen
736 2137 873 2168 veluti

250 2180 364 2215 liber
402 2181 612 2214 dimissus
650 2186 723 2213 est.
789 2182 875 2212 Post

247 2224 501 2270 λαθραιότερον
533 2227 622 2267 quod
638 2226 783 2268 ’μᾶλλον
815 2226 874 2257 nd-

248 2270 354 2302 ditum
373 2276 437 2311 est,
463 2272 528 2303 ulia
550 2272 645 2303 liuius
662 2282 743 2302 usus
759 2282 873 2304 exem-

249 2316 303 2357 pla
342 2316 608 2356 suppeditabunt
638 2317 793 2349 Astius
829 2316 874 2348 ad

248 2361 358 2402 Legg.
378 2362 442 2394 IV.
461 2363 493 2397 9.
520 2363 563 2394 in.
593 2363 871 2394 Bornemann.

248 2406 291 2439 ad
310 2406 466 2448 Xenopli.
486 2406 593 2440 Conv.
608 2419 640 2449 p.
656 2407 732 2441 117.
761 2407 872 2438 Slui-

249 2454 325 2484 ter.
362 2452 474 2485 Lectt.
512 2454 640 2486 Audon.
673 2464 704 2494 p.
731 2453 808 2486 220.
841 2456 875 2484 ot

248 2498 303 2536 qui
327 2499 368 2530 ab
394 2497 443 2530 his
467 2499 657 2531 laudantur.
684 2499 744 2529 Sic
769 2499 871 2530 etiam

248 2548 363 2584 ἧττον.
402 2543 510 2585 L.egg
552 2544 614 2576 IX.
649 2555 679 2584 p.
714 2543 791 2578 852.
827 2543 873 2574 E:

247 2603 274 2636 η
293 2587 359 2632 γὰρ
384 2589 541 2630 βελτίονα
566 2588 585 2628 ἢ
608 2587 875 2631 μοχθηρότερον

250 2639 355 2674 ἦττον
384 2633 600 2689 ἐξειργάσατο
631 2633 694 2665 τὸν
723 2632 786 2674 τῆν
819 2633 872 2666 δί-

248 2691 307 2721 κην
343 2677 871 2722 napaaxdvroe.1nterpositum

942 1141 1053 1174 istud:
1086 1140 1124 1173 -ιό
1161 1142 1273 1182 θῆλυ,
1307 1153 1348 1174 ne
1378 1143 1409 1174 in
1434 1144 1564 1184 glosse-

944 1188 1043 1219 matis
1067 1187 1294 1228 suspicionem
1321 1193 1480 1227 vocetur,
1506 1198 1564 1219 no-

942 1234 1087 1264 tavimus
1115 1233 1199 1264 hanc
1231 1233 1389 1274 loquendi
1422 1235 1564 1265 consue-

940 1278 1104 1318 tudinem,
1133 1277 1265 1310 Platoni
1292 1288 1356 1310 non
1377 1278 1564 1318 infrequen-

940 1327 1028 1363 tem,
1061 1324 1103 1355 ad
1135 1323 1241 1364 Gorg.
1276 1334 1307 1364 p.
1339 1323 1417 1357 476.
1456 1323 1493 1355 E.
1532 1333 1562 1364 p.

939 1369 1016 1403 501.
1050 1371 1087 1400 Α.
1143 1367 1225 1400 Mox
1259 1367 1299 1400 ὅν
1333 1373 1410 1410 post
1441 1368 1563 1403 δύετα-

940 1425 1020 1445 κτον
1048 1413 1169 1444 Astio
1203 1413 1334 1445 videtur
1363 1412 1497 1445 aliunde
1522 1413 1562 1444 ir-

939 1459 1099 1500 repsisse.
1149 1457 1278 1499 Nempe
1302 1459 1357 1490 ille
1380 1455 1566 1494 ὁιῖςτακτον

938 1501 1072 1546 α’φείθη
1097 1503 1309 1535 scribendum
1328 1508 1425 1545 putat
1442 1502 1562 1534 eodem

941 1549 1061 1588 modo,
1096 1559 1162 1590 quo
1195 1553 1294 1581 antea
1327 1549 1490 1589 scriptum
1519 1548 1564 1579 le-

939 1598 1053 1636 gatur:
1093 1593 1356 1634 ἀνόμοθέτητον
1389 1596 1562 1635 μεθεῖται.

939 1641 988 1671 At
1020 1639 1105 1670 enim
1142 1648 1223 1669 vero
1256 1648 1310 1670 res
1345 1638 1395 1669 liic
1427 1638 1561 1678 quidem

938 1685 1106 1724 aliquanto
1154 1693 1251 1714 secus
1299 1682 1408 1715 habet.
1478 1682 1562 1714 Nam

940 1730 1059 1761 verba:
1094 1727 1154 1760 οὐκ
1187 1725 1304 1769 ὀρθῶς
1335 1728 1440 1758 τοῦτο
1469 1726 1562 1766 &qul-

938 1777 988 1815 θη
1029 1784 1089 1815 per
1116 1776 1163 1804 'se
1209 1783 1362 1804 seorsum
1395 1773 1563 1814 accipien-

939 1819 978 1850 da
1012 1824 1108 1859 sunt,
1140 1819 1187 1849 ita
1215 1818 1373 1858 quidem,
1410 1823 1447 1849 ut
1482 1817 1562 1858 quid

936 1864 1026 1896 istud
1052 1864 1185 1906 ἀφείθη
1212 1863 1376 1903 significet
1401 1867 1434 1894 et
1459 1873 1562 1904 quor-

938 1920 1011 1942 sum
1044 1911 1228 1951 pertineat,
1263 1912 1384 1949 sponte
1418 1918 1457 1939 ex
1485 1909 1562 1940 reli-

938 1966 1000 1995 qua
1034 1955 1188 1987 oratione
1220 1955 1436 1994 intelligatur.
1494 1953 1564 1985 Nec

939 2000 1095 2042 profecto
1127 2000 1156 2031 vi
1194 2003 1287 2030 earet
1312 2008 1369 2030 sua
1395 1998 1486 2029 istud
1512 1996 1562 2037 ὅν,

938 2046 1102 2086 siquidem
1137 2045 1257 2076 verba:
1293 2041 1478 2079 δυ’ςτακτον
1509 2042 1561 2082 ὅν,

939 2090 1139 2132 explicanda
1197 2092 1289 2120 sunt:
1344 2098 1483 2129 quum
1534 2099 1559 2118 s

939 2137 1127 2178 quamvis
1176 2134 1324 2167 ordine
1374 2137 1417 2165 et
1465 2135 1562 2174 lege

940 2183 998 2214 sit
1030 2181 1301 2212 destitutum.
1355 2179 1403 2209 De
1428 2179 1561 2220 reipsa

940 2227 1117 2259 conferunt
1143 2226 1323 2258 Aristot.
1352 2223 1429 2255 Pol.
1454 2224 1502 2255 II.
1530 2225 1560 2258 7.

1008 2314 1145 2347 πολλὰ
1191 2313 1291 2355 ύμῖν
1338 2311 1559 2354 ηιιρέρόει]

940 2363 1066 2399 Vulgo:
1116 2359 1289 2402 παραῤῥεῖ.
1349 2358 1419 2395 Sed
1468 2362 1562 2389 recte

941 2406 1042 2438 codd.
1100 2406 1259 2438 meliores
1309 2401 1476 2445 παρέρρει.
1530 2414 1560 2434 v.

943 2452 1142 2484 Valcken.
1185 2449 1226 2480 ad
1266 2448 1384 2489 Eurip.
1425 2448 1562 2489 Hippol.

939 2509 970 2529 v.
994 2496 1071 2531 973.
1098 2499 1132 2526 et
1159 2494 1372 2526 Ruhnken.
1402 2493 1442 2524 ad
1472 2494 1559 2525 Tim.

939 2555 971 2584 p
1005 2541 1070 2576 120
1094 2550 1144 2581 sq.
1176 2540 1266 2572 conf.
1302 2539 1407 2580 Legg.
1433 2539 1500 2570 ΙΙΙ.
1529 2549 1559 2579 p.

940 2588 1015 2622 677.
1042 2587 1085 2617 C:
1116 2583 1228 2617 πάντα
1258 2583 1361 2626 ἕρρειν
1392 2586 1504 2615 ταῦτα
1527 2584 1560 2614 ἐν

939 2636 984 2665 τῶ
1012 2629 1092 2664 τότε
1120 2628 1232 2671 χρόνῳ
1264 2628 1428 2671 φήσομεν.
1476 2627 1557 2660 ibid.

939 2678 977 2711 E.
996 2675 1093 2716 ζώων
1117 2675 1152 2707 δὲ
1176 2678 1241 2707 τῶν
1264 2674 1372 2706 ἄλλων
1386 2671 1557 2717 ἐρρόντων,
