1644 2886
485 91 568 134 DE
602 89 887 135 LEGIBUS<
917 99 997 133 etc.
1249 90 1415 134 LXIII

51 206 177 249 ditati
217 206 279 247 illi
320 219 364 247 et
402 206 750 271 magnificentiae
788 205 1022 258 orationis,
1043 219 1182 263 ‚quam
1215 205 1410 260 philoso-

52 263 164 318 phus
204 278 338 317 quum
377 278 495 304 omni
526 262 680 318 legum
724 261 953 318 scriptioni
985 268 1077 304 tum
1107 261 1320 318 imprimis
1350 263 1411 305 le·

50 335 153 376 gum
193 320 426 376 prooemiis
466 320 687 375 propriam
717 334 813 361 esse
844 319 1006 372 voluit,
1048 318 1117 360 vel
1149 319 1279 362 etiam
1311 335 1411 363 sua·

50 377 176 419 vibus
206 389 251 419 et
277 377 471 419 venustis
510 390 664 418 senum
702 375 1050 430 colloquentium
1089 376 1410 420 confabulatio-

49 434 176 476 nibus
214 434 382 489 aliquid
421 433 665 475 venustatis
704 433 974 487 attribuunt,
1016 447 1069 474 ex
1110 433 1268 487 quibus
1310 435 1410 477 unis

48 491 234 533 maxime
277 491 473 533 fontibus
515 489 719 532 dictionis
763 489 963 545 poeticae
1005 504 1110 532 usus
1145 491 1410 548 repetendus

47 547 243 598 videtui-3
287 547 475 602 denique
515 547 660 588 omnia
699 552 832 600 atque
864 545 1038 602 singula
1066 553 1154 588 tam
1187 548 1412 605 eleganter

46 612 150 646 sunt
188 604 382 659 delecta,
423 611 472 645 ut
513 603 632 658 quod
670 603 714 643 in
754 603 809 644 iis
848 603 906 644 sit
945 603 1182 645 absurdum
1213 613 1289 647 aut
1318 606 1408 647 ine-

46 670 197 717 ptum,
241 662 361 703 nulla
400 676 452 703 ex
484 667 607 715 parte
638 659 981 701 demonstratum
1021 660 1102 711 sit3
1141 675 1220 702 cur
1263 669 1408 704 autem

0 727 1 754 ἐ
44 719 131 760 sint
169 725 402 774 usurpata,
446 716 632 773 singulis
671 716 781 758 locis
828 717 1079 758 accuratius
1118 717 1409 763 consideratis

43 775 163 817 nullo
193 775 283 816 fere
314 774 492 831 negotio
531 773 836 829 perspiciatur.
897 772 1045 827 Quum
1074 773 1211 830 igitur
1243 790 1295 817 ea
1325 791 1408 819 nec

41 832 323 889 grammatice
353 846 434 873 nec
465 830 680 873 rhetorice
699 835 900 885 spectata
929 829 1169 885 quidquam
1198 831 1406 888 habeant,

42 888 159 944 quod
202 889 356 931 merito
394 887 650 943 displiceat,
693 894 811 930 certe
850 887 971 929 nulla
1008 902 1166 930 caussa
1196 896 1288 944 est,
1329 904 1407 932 cur

41 945 144 988 inde
183 945 322 988 malas
362 944 416 987 de
454 945 645 987 universi
675 945 823 1000 operis
853 945 1106 1001 originibus
1128 947 1414 1002 suspiciones

42 1017 340 1057 assumamus,
383 1001 641 1057 praesertim
668 1007 817 1056 ¹quum
856 1016 938 1044 nec
977 1001 1214 1046 multitudo
1253 1019 1404 1046 eorum

40 1059 225 1102 excedat
274 1074 502 1101 numerum
553 1059 867 1101 vocabulorum
915 1059 959 1100 in
1010 1059 1106 1102 aliis
1151 1060 1404 1118 philosophi

40 1117 215 1173 scriptis
252 1116 382 1158 simili
420 1116 599 1158 licentia
626 1122 951 1172 usurpatorum.
999 1116 1135 1159 'Nam
1164 1117 1209 1159 in
1244 1116 1405 1174 Sophi-

39 1180 108 1217 sta
150 1172 350 1229 quidem,
381 1173 427 1214 in
460 1173 672 1227 Politico,
713 1173 759 1214 in
790 1172 1076 1228 parmenide,
1122 1174 1166 1216 in
1199 1174 1402 1230 Philebo,

37 1232 83 1273 in
123 1231 332 1284 Timaeo,
374 1229 419 1272 in
458 1229 556 1272 aliis
597 1229 786 1285 denique
823 1230 999 1286 scriptis
1043 1231 1324 1287 philosophi,
1366 1233 1403 1275 si

39 1303 187 1330 verum
227 1287 499 1342 quaerimus,
543 1302 622 1343 pro
651 1287 806 1329 horum
835 1287 1046 1329 librorum
1077 1288 1243 1330 ambitu
1273 1290 1403 1332 etiam

39 1345 180 1387 maior
227 1350 396 1400 prostat
444 1344 573 1400 copia
620 1359 771 1386 eorum
820 1344 1076 1399 verborum,
1123 1361 1236 1400 quae
1284 1346 1402 1403 apud

40 1401 266 1444 Platonem
312 1407 390 1444 aut
436 1401 568 1443 semel
619 1407 791 1443 tantum
842 1400 1059 1458 leguntur*
1101 1410 1178 1444 aut
1225 1404 1402 1445 omnino

39 1474 150 1501 nove
187 1458 293 1501 ficta
332 1465 464 1513 atque
505 1473 696 1514 procusa
737 1463 852 1501 sunt.
913 1458 1131 1501 Nimirum
1163 1457 1276 1502 vidit
1304 1460 1400 1516 phi-

38 1515 249 1572 losophus
276 1516 542 1571 penitusque
577 1516 714 1558 sensit
745 1529 907 1558 novum
941 1516 1150 1571 quodque
1179 1517 1401 1560 scribendi

37 1587 175 1630 genus
216 1573 346 1615 etiam
385 1587 500 1615 nova
537 1573 622 1615 sibi
654 1572 894 1628 deposcere
927 1573 1169 1628 vocabula,
1211 1574 1401 1629 ideoque

36 1629 258 1672 scribendi
286 1630 533 1672 libertatem
564 1644 687 1672 suam
733 1630 847 1671 intra
877 1636 1093 1686 angustos
1125 1632 1234 1673 certi
1263 1632 1400 1675 alicu-

37 1688 104 1730 ius
134 1687 348 1730 sermonis
376 1687 416 1730 le
450 1701 497 1729 es
527 1693 660 1742 atque
691 1686 800 1730 fines
831 1687 1049 1729 contineri
1077 1687 1231 1730 noluit.

150 1743 245 1786 Iam
287 1759 392 1786 vero
460 1744 498 1787 is
538 1750 762 1799 utcunque
799 1743 1051 1786 dilucidatis
1091 1745 1315 1802 pergimus
1343 1746 1400 1788 ad

37 1816 91 1843 ea
118 1801 358 1855 vocabula,
394 1801 441 1842 in
476 1815 662 1855 quorum
702 1801 843 1843 forma
880 1816 932 1844 ac
962 1802 1110 1858 specie
1141 1803 1400 1846 Zellerus

36 1857 63 1899 l.
93 1855 131 1902 ὃ.
165 1874 207 1914 p.
238 1859 307 1900 85.
338 1873 404 1913 sq.
434 1857 520 1899 sibi
547 1857 724 1899 videtur
754 1857 921 1913 aliquid
951 1858 1173 1915 singulare
1203 1859 1398 1902 animad-

18 1914 246 1969 ‚vertisse‚
286 1914 350 1956 ita
388 1919 439 1955 ut
475 1913 578 1956 inde
610 1929 788 1969 quoque
818 1917 964 1970 operis
992 1915 1213 1957 Platonici
1243 1931 1397 1971 suspe-

36 1971 187 2014 ctandi
224 1976 484 2027 argumenta
533 1970 805 2015 desumserit.
890 1971 960 2012 De
1010 1972 1171 2027 quibus
1221 1972 1399 2028 quidem

36 2028 212 2071 brevior
249 2028 333 2069 erit
370 2026 627 2084 disputatio,
660 2027 1015 2083 quandoquidem
1044 2035 1148 2085 post
1178 2044 1252 2084 ea,
1285 2045 1398 2085 quae

37 2084 167 2128 modo
190 2084 515 2141 exposuimus,
558 2099 646 2126 una
701 2084 940 2140 eademque
988 2100 1122 2142 opera
1168 2087 1398 2130 ostendere

37 2141 208 2195 licebit,
247 2157 301 2184 ea
337 2156 419 2184 nec
457 2141 740 2198 grammatice
778 2157 860 2184 nec
898 2141 1116 2185 rhetorice
1145 2143 1235 2186 ullo
1265 2143 1397 2187 modo

38 2213 135 2242 esse
174 2199 324 2255 inepta
362 2204 439 2240 aut
477 2198 668 2240 inficeta.
738 2196 1006 2241 Observavit
1040 2207 1184 2242 autem
1216 2201 1396 2244 criticus

37 2256 222 2313 primum
260 2256 303 2297 in
345 2255 450 2298 unis
490 2255 689 2311 Legibus
734 2270 760 2296 a
805 2255 988 2298 Platone
1036 2263 1250 2314 usurpata
1299 2273 1396 2302 esse

37 2312 208 2368 βλάβος
235 2326 317 2370 pro
344 2310 508 2367 βλάβη,
539 2314 671 2367 ἄβιος
699 2327 779 2368 pro
806 2312 1016 2368 ἀβίωτος,
1045 2313 1287 2371 ἀχάριστος
1314 2331 1396 2372 pro

36 2367 206 2426 ἄχαρις,
237 2367 438 2418 ὄούλειος
467 2385 547 2426 pro
580 2367 804 2422 δουλικός,
833 2371 1031 2420 παίδειος
1060 2387 1141 2427 pro
1171 2371 1395 2427 παιδικός,

37 2427 221 2480 ὲξαγριῶ
260 2442 339 2482 pro
379 2426 663 2481 ἐξαγριαίνω,
708 2427 906 2482 ἱλεοῦμαι
932 2443 1013 2484 pro
1045 2430 1312 2484 ἱλάσκομαι,
1352 2436 1397 2471 et

42 2483 165 2525 Libr.
187 2482 272 2525 IX.
302 2499 346 2539 p.
378 2484 475 2526 933.
495 2483 548 2525 E.
575 2482 902 2540 awqpovmtv'g,
932 2485 1243 2540 correctio,
1276 2485 1395 2540 quod

40 2546 108 2582 est
155 2539 370 2583 Ionicum.
445 2541 592 2584 Acute
630 2555 737 2582 vero
762 2545 895 2597 atque
942 2540 1071 2584 docte
1110 2542 1196 2584 ista
1234 2542 1392 2585 omnia.

41 2595 131 2640 Sed
151 2595 258 2651 quid
283 2596 414 2640 inde?
473 2597 692 2641 Nimirum
725 2597 833 2640 haec
848 2598 1065 2642 vocabula
1095 2599 1242 2641 omnia
1259 2614 1393 2655 quum

39 2667 117 2708 per
143 2667 192 2695 se
221 2653 359 2709 proba
386 2654 477 2698 sint
503 2662 634 2709 atque
664 2660 801 2708 casta,
830 2669 975 2710 neque
1005 2656 1060 2698 ab
1082 2655 1258 2712 optimis
1286 2657 1393 2700 scri-
