1644 2886
211 214 244 254 Ε

163 672 242 711 835

204 1269 236 1308 13

276 103 358 143 430
769 102 1143 148 PLATONIS

278 212 393 258 *bv*
431 214 702 258 διδασκάλοιν
745 216 1083 272 ἐκπονούμεθα,
1128 217 1303 269 πάντως
1339 218 1421 273 ἤδη
1475 226 1606 278 πέρας

274 283 370 336 ἔχει.
414 282 484 323 καὶ
521 279 572 332 δὴ
609 284 679 324 καὶ
721 284 933 336 μουσικῆς
966 282 1022 326 τοὶ
1059 287 1139 339 μὲν
1182 289 1363 329 πλεῖστα
1406 285 1607 339 ὠςαύτως

274 349 637 402 διαπεπέρανται·
673 347 727 389 τὰ
753 350 799 391 δὲ
835 346 1062 407 ῥαψῳδῶν
1086 355 1158 393 καὶ
1185 353 1271 394 τῶν
1307 352 1482 403 τούτοις
1505 358 1604 397 έπο-

272 418 424 466 μένων,
459 416 532 456 καὶ
556 410 656 456 ὅσαι
688 418 732 456 ἑν
764 418 938 470 ἑορταῖς
971 413 1153 470 ἅμιλλαι
1179 419 1327 472 χορῶν
1363 418 1605 472 ἀναγκαῖαι

272 479 524 531 γίγνεσθαι,
570 481 826 533 ταχθέντων
871 488 961 531 τοῖς
1008 484 1137 531 θεοῖς
1172 499 1216 525 τε
1249 488 1321 526 καὶ
1357 493 1448 534 τοῖς
1493 484 1601 539 μετὰ

272 545 395 586 θεῶν
430 546 581 598 μηνῶν
623 548 693 587 καὶ
731 544 900 601 ἡμερῶν
937 549 1009 590 καὶ
1044 550 1256 591 ἐνιαυτῶν
1292 550 1601 606 κοσμηθήσον-

272 625 346 652 ται
391 609 511 659 τότε,
556 611 638 654 εἴτε
681 615 941 668 τριετηρίδες
973 611 1056 656 εἴτε
1090 607 1148 656 αὖ
1183 617 1255 656 καὶ
1294 615 1365 658 διὰ
1401 621 1605 671 πέμπτων

273 677 397 730 ἑτῶν,
431 675 515 718 εἴθ’
549 675 643 736 ὅπῃ
667 680 738 719 καὶ
767 676 886 728 ὅπως
920 683 1096 722 ἔννοιαν
1129 680 1340 723 διδόντων
1370 683 1456 724 τῶν
1480 684 1604 725 θεῶν

272 741 429 793 τάξεως
480 745 576 797 πέρι
615 746 938 798 διανεμηθῶσι·
987 743 1087 789 τότε
1130 748 1202 788 καὶ
1242 746 1350 797 τοὺς
1393 750 1604 802 μουσικῆς

270 807 446 861 ἀγῶνας
477 806 560 863 χρὴ
608 811 857 864 προςδοκᾶν
885 809 999 852 κατὰ
1033 816 1162 865 μέρος
1199 810 1491 865 ἀγωνιεῖσθαι
1525 830 1603 856 τα-

267 875 464 929 χθέντας
497 872 582 917 ὑπό
617 891 661 918 τε
698 874 976 919 ἀθλοθετῶν
1019 879 1090 919 καὶ
1127 879 1208 921 τοῦ
1244 880 1478 922 παιδευτοῦ
1514 880 1603 922 τῶν

270 943 376 982 νέων
416 942 488 982 καὶ
523 942 611 981 τῶν
645 941 989 998 νομοφυλάκων,
1032 947 1092 992 εἰς
1124 942 1274 986 κοινὸν
1309 947 1403 999 περὶ
1453 944 1601 988 αὐτῶν

272 1006 440 1049 τούτων
482 1005 793 1049 συνελθόντων
834 1009 907 1050 καὶ
940 1012 1182 1062 γενομένων
1224 1012 1489 1063 νομοθετῶν
1523 1009 1598 1053 αύ-

269 1073 376 1120 τῶν,
424 1074 503 1114 τοῦ
540 1087 585 1114 τε
628 1071 733 1115 πότε
779 1074 851 1114 καὶ
895 1076 1008 1123 τίνες
1054 1076 1126 1117 καὶ
1172 1073 1280 1129 μετὰ
1324 1079 1454 1119 τίνων
1498 1075 1602 1127 τοὺς

269 1137 446 1190 ἀγῶνας
482 1137 747 1190 ποιήσονται
774 1140 869 1192 περὶ
903 1137 1116 1182 ἁπάντων
1138 1142 1284 1196 χορῶν
1309 1145 1381 1184 καὶ
1412 1146 1599 1197 χορείας.

269 1202 343 1246 οἷα
378 1206 422 1246 δὲ
457 1207 618 1246 ἕκαστα
653 1203 803 1246 αὐτῶν
837 1203 948 1248 εἶναι
985 1209 1048 1248 δεῖ
1081 1222 1193 1249 κατα
1229 1205 1364 1260 λόγον
1399 1225 1468 1250 και
1497 1208 1593 1251 κατ’

268 1267 387 1323 ᾠδὰς
441 1272 513 1312 καὶ
567 1269 678 1312 καθ’
729 1268 945 1323 αρμονιάς
999 1269 1196 1328 ῥυθμοῖς
1238 1275 1482 1327 κραθείσας
1525 1291 1598 1317 και

267 1333 484 1391 ὀρχήσεσι,
526 1334 740 1386 πολλακις
766 1336 931 1392 εἴρηται
964 1339 1023 1392 τῷ
1045 1337 1201 1393 πρώτῳ
1222 1342 1461 1399 νομοθέτῃ,
1489 1338 1592 1383 καθ’

277 1399 294 1414 ss

267 1419 295 1443 α
334 1401 439 1452 τοὺς
474 1404 697 1457 δευτέρους
724 1404 793 1445 δεῖ
824 1402 1173 1457 μεταδιώκοντας
1201 1407 1488 1459 νομοθετεῖν,
1525 1409 1597 1449 καὶ

391 1554 501 1588 .835.
542 1546 604 1586 καὶ
637 1552 751 1587 ὅπως
775 1555 958 1608 ἔννοιαν]
986 1555 1194 1589 Turieenses
1219 1557 1261 1589 de
1286 1557 1486 1589 coniectura
1502 1556 1595 1589 Astii

268 1604 349 1631 ante
360 1554 512 1631 Ρέννοιαν
537 1594 759 1632 inseruerunt
783 1597 824 1631 ἂν
847 1602 1064 1642 particulam.
1091 1601 1170 1635 Sed.
1197 1613 1228 1634 v.
1253 1603 1429 1642 explieatt.

358 1643 397 1677 C.
446 1643 677 1686 ἄνθρωπον
712 1642 892 1687 ουδένα]
926 1645 985 1677 Sic
1018 1647 1062 1677 A.
1100 1644 1138 1678 Ω.
1170 1658 1203 1678 v.
1227 1647 1252 1678 f.
1281 1648 1316 1678 h.
1343 1657 1374 1678 a.
1400 1657 1433 1678 x.
1460 1646 1594 1686 Vulgo.

265 1685 483 1731 ἀνθρώπων
513 1687 650 1723 οὖδέια.
706 1691 797 1724 Dein
830 1696 911 1724 vett.
943 1692 1037 1723 editt.
1071 1690 1180 1731 μόνος
1212 1689 1322 1734 μόνῳ,
1348 1702 1418 1724 uno
1442 1692 1530 1723 Ven.
1557 1691 1594 1724 Ξ.

263 1735 511 1770 consentiente.

261 1868 307 1901 ἐν
333 1868 623 1911 διδασκάλων]
658 1870 897 1913 Praepositio-

263 1925 359 1956 nem,
390 1918 425 1947 in
450 1917 612 1949 omuibus
647 1917 744 1948 libris
770 1920 897 1948 temere

264 1966 457 2002 extrusum,
493 1973 564 1994 non
591 1962 829 1994 dubitavimus
855 1963 897 1994 de

264 2008 464 2039 coniectura
491 2008 812 2040 winkelmanni
843 2017 897 2039 re-

264 2052 420 2084 stituere.
448 2052 623 2085 Alcibiad.
649 2052 677 2084 Ι.
701 2063 733 2093 p.
752 2053 830 2086 110.
850 2053 894 2086 A.

265 2095 423 2130 πολλάκις
436 2107 501 2129 σου
515 2097 552 2130 ἐν
567 2096 777 2129 διδασκάλων
791 2095 894 2138 ἥκου-

264 2152 315 2173 ον.
342 2143 488 2184 Protag.
509 2154 542 2184 p.
561 2143 642 2177 325.
670 2143 709 2175 D.
737 2142 784 2175 εἰς·
805 2141 897 2174 διδα-

263 2185 395 2219 σκάλων
420 2188 615 2227 πέμποντες.
641 2188 731 2221 Ibid.
756 2200 790 2230 p.
816 2188 894 2223 326.

263 2232 302 2266 C.
328 2232 377 2264 εἰς
401 2232 611 2265 διδασκάλων
636 2233 770 2272 φοιτᾶν.
805 2234 895 2265 Ibid.

261 2287 294 2319 p-
320 2278 399 2312 326.
419 2279 460 2311 B.
494 2278 543 2311 εἰς
567 2276 802 2319 παιδοτρίβου.
836 2279 896 2310 ΕΙ-

262 2323 369 2364 lipsiu
414 2326 579 2365 exemplis
633 2325 785 2356 illustrat
830 2323 895 2355 Fi-

262 2369 401 2401 scher.
437 2370 482 2401 ad
516 2370 658 2402 Weller.
683 2369 749 2401 111.
786 2369 826 2401 P.
865 2369 893 2400 Ι.

204 2423 214 2432 ·
259 2414 339 2447 255.
366 2424 418 2455 sq.
441 2414 537 2446 Part
562 2415 610 2447 II.
634 2425 668 2456 p.
693 2407 770 2450 158.
801 2413 892 2446 Ste-

270 2459 442 2500 phanus
481 2456 550 2491 ὑπὸ
586 2460 760 2492 excidisse
784 2460 892 2492 conii-

260 2504 383 2536 ciebat.
432 2503 592 2537 Ceterum
625 2502 690 2536 ὅσα
720 2502 891 2537 ’ἐκπονού-

257 2548 350 2588 μεθα
400 2554 470 2582 est:
518 2551 559 2582 in
606 2551 763 2592 quibus
813 2559 894 2583 nos

259 2603 532 2627 exercemus.

315 2640 386 2672 καὶ
418 2640 498 2672 τῶν
531 2637 704 2672 τούτοις
743 2639 888 2679 ἑπομέ·

966 1871 1072 1912 νων]
1101 1875 1140 1903 et
1165 1881 1332 1910 eorum,
1366 1872 1434 1912 qui
1459 1871 1516 1902 iis
1542 1871 1593 1902 si·

965 1918 1090 1949 miles
1117 1921 1226 1949 sunt.

1035 1959 1400 2003 κοσμηθήσονται
1451 1971 1465 1991 τ
1485 1957 1504 1991 ό
1525 1958 1590 2000 τε]

965 2008 1130 2039 Abundat
1163 2012 1243 2049 post
1275 2005 1465 2047 ταχθέντων
1499 2005 1592 2036 istud

965 2050 1053 2090 τότε,
1090 2063 1157 2093 quo
1197 2057 1310 2085 tamen
1344 2052 1485 2092 gravius
1519 2059 1592 2082 mo-

929 2095 935 2106 *
963 2108 1102 2137 namur,
1134 2108 1205 2129 rem
1239 2102 1312 2129 tum
1336 2097 1471 2128 demum
1497 2095 1590 2126 ordi-

963 2148 1082 2175 natum
1109 2144 1170 2183 iri,
1205 2143 1264 2174 ubi
1289 2143 1373 2175 haec
1401 2142 1590 2182 constituta

963 2189 1104 2220 fuerint.

1008 2234 1112 2265 εἴτε
1159 2231 1225 2263 καὶ
1272 2229 1340 2263 διὰ
1392 2229 1589 2269 πέμπτων
1622 2265 1634 2273 .

962 2276 1090 2319 ἑτῶν]
1122 2278 1274 2318 quinto
1306 2285 1481 2318 quoque
1514 2284 1587 2306 an·

961 2334 1037 2360 no.
1059 2334 1090 2355 v.
1119 2323 1331 2354 Matthiae
1364 2319 1425 2354 Gr.
1451 2319 1482 2361 ξ.
1507 2318 1586 2353 580.

1079 2367 1178 2402 1352.
1203 2368 1257 2399 ed.
1277 2366 1314 2419 3

1005 2412 1136 2447 P·8.35
1160 2408 1245 2444 εἶθ’
1271 2408 1352 2450 ὅπῃ
1378 2409 1446 2441 καὶ
1469 2405 1586 2440 ὅπως

959 2458 1154 2493 ἔννοιαν]
1216 2456 1425 2487 Turicenses
1475 2464 1585 2495 nuper

957 2509 1037 2546 post
1062 2502 1115 2534 καὶ
1140 2498 1234 2532 ὅπως
1257 2502 1462 2542 particulam
1474 2497 1518 2531 ἄν
1541 2500 1582 2530 de

958 2549 1075 2581 Astii
1114 2547 1314 2578 coniectura
1351 2547 1580 2578 inseruerunt.

955 2593 1094 2626 Nollem
1118 2592 1258 2624 factum.
1312 2591 1401 2623 Nam
1427 2589 1580 2629 διανεμη-

956 2637 1047 2670 θῶσι
1095 2641 1146 2669 est
1189 2637 1312 2669 modus
1354 2634 1580 2674 deliberandi,
