1644 2886
208 927 1099 1056 4fAnfluMssNrum

497 1113 674 1164 num
698 1111 940 1151 numm-1.

60 1271 107 1345 P
110 1307 224 1364 ergit
265 1308 546 1351 Atheniensis
585 1309 630 1350 in
671 1305 939 1365 explicandis
977 1304 1123 1363 legum
1153 1303 1402 1361 prooemiis.

56 1363 349 1420 Posteaquam
380 1365 492 1407 enim
521 1365 632 1408 libro
665 1365 888 1422 superiore
919 1361 1127 1417 ostendit,
1159 1376 1270 1419 quae
1301 1376 1406 1403 cura

58 1420 142 1463 diis
174 1428 218 1464 et
248 1422 504 1479 parentibus
536 1421 760 1477 debeatur,
793 1435 1010 1478 exponere
1041 1419 1248 1476 deinceps
1279 1418 1404 1461 insti-

57 1479 162 1532 tuit,
202 1495 415 1535 quaenam
456 1479 604 1522 officia
641 1479 794 1522 habita
834 1477 988 1532 animi,
1030 1476 1227 1532 corporis
1273 1481 1406 1532 atque

57 1535 267 1579 bonorum
306 1544 581 1580 externorum
626 1537 796 1580 ratione
842 1533 1027 1579 colenda
1072 1534 1172 1579 sint.
1249 1533 1406 1589 Itaque

57 1593 243 1649 primum
266 1593 334 1637 -de
380 1595 512 1636 animi
552 1610 657 1637 cura
686 1595 763 1638 ‘sic
789 1594 902 1637 ,fere
942 1591 1130 1634 disserit.
1198 1590 1407 1634 Omnium

56 1650 282 1706 bonorum,
313 1651 473 1707 inquit,
504 1658 607 1709 post
627 1651 732 1695 deos
760 1652 891 1708 longe
910 1649 1096 1692 maxime
1116 1647 1310 1691 divinum
1341 1654 1409 1691 est

58 1707 226 1761 animus
260 1709 475 1764 nobisque
507 1710 691 1752 maxime
722 1708 960 1766 proprium.
1019 1705 1198 1763 Quippe
1229 1711 1296 1749 est
1323 1705 1409 1748 hoc

57 1764 220 1808 bonum
256 1765 302 1808 in
330 1766 408 1820 iis,
449 1781 560 1821 quae
602 1767 827 1824 superiora
864 1780 915 1807 ac
956 1763 1277 1821 praestantiora
1306 1768 1410 1807 sunt

59 1819 176 1877 ideo,
207 1823 308 1878 quia
347 1832 434 1865 non
463 1824 659 1866 serviunt
695 1824 790 1866 aliis
829 1822 907 1865 sed
955 1821 1103 1878 potius
1153 1821 1290 1863 vitam
1329 1835 1409 1862 no-

62 1883 205 1919 stram‘
223 1886 381 1936 regunt
410 1894 460 1921 ac
501 1880 758 1936 gubernant.
817 1878 969 1922 Nihilo
1000 1878 1143 1920 minus
1172 1893 1271 1920 raro
1300 1876 1409 1921 illud

60 1934 123 1976 ita
161 1934 328 1977 colitur'
360 1942 403 1978 et
447 1936 493 1977 in
533 1935 696 1979 honore
739 1937 940 1989 habetur,
972 1935 1037 1976 uti
1069 1935 1134 1977 fas
1166 1940 1246 1976 est.
1304 1933 1409 1976 Non

61 1990 174 2033 enim
204 1992 313 2034 illud
343 1992 456 2035 veris
476 1993 708 2036 virtutibus
741 2008 790 2034 ac
810 1992 968 2034 divinis
1000 2007 1152 2034 ornare
1174 1997 1407 2045 conantur,

62 2047 138 2091 sed
170 2048 267 2091 aliis
297 2050 426 2092 rebus
460 2050 674 2093 omnibus.
734 2049 887 2092 Veluti
918 2049 1106 2104 quisque
1137 2063 1233 2091 sese
1264 2049 1409 2091 statim

63 2120 88 2146 a
115 2106 303 2162 pueritia
333 2107 568 2149 arbitratur
595 2106 799 2150 idoneum
831 2121 925 2149 esse
958 2105 1014 2147 ad
1044 2107 1235 2148 omnium
1265 2121 1409 2148 rerum

63 2163 356 2219 cognitionem
423 2163 610 2220 ideoque
666 2163 881 2206 honorare
942 2163 1026 2206 sibi
1085 2163 1256 2206 videtur
1316 2164 1407 2205 ani-

63 2235 177 2262 mum
218 2232 368 2275 suum,
423 2221 525 2263 dum
572 2222 665 2264 eius
703 2221 790 2264 vim
828 2220 1166 2276 facultatemque
1206 2219 1409 2263 laudibus

65 2276 201 2320 afficit
242 2284 316 2320 aut
354 2285 527 2334 promta
552 2284 791 2335 parataque
832 2277 1058 2320 voluntate
1096 2278 1137 2320 ei
1175 2278 1407 2321 cuiuscun-

66 2349 148 2394 que
179 2335 243 2377 rei
270 2335 464 2393 agendae
495 2337 665 2393 copiam
689 2336 804 2378 facit.
862 2332 962 2378 Hoc
991 2350 1095 2378 vero
1123 2341 1189 2378 est
1219 2335 1410 2377 animum

65 2389 257 2447 laedere,
288 2409 374 2435 non
406 2409 573 2436 ornare.
642 2393 744 2436 Non
770 2393 905 2450 magis
927 2392 1114 2435 animum
1145 2392 1250 2435 colit
1267 2408 1408 2445 suum,

69 2446 106 2489 si
148 2449 242 2504 quis
285 2450 394 2493 vitia
438 2456 482 2493 et
521 2465 688 2493 errores
727 2464 831 2493 suos
866 2449 1023 2492 callide
1063 2450 1209 2493 celans
1241 2449 1411 2507 obtegit

68 2509 200 2559 atque
240 2506 285 2549 in
326 2507 434 2551 alios
480 2508 673 2562 confert,
723 2513 823 2562 aut,
861 2506 1071 2564 neglectis
1109 2507 1408 2565 legumlator-is

69 2559 455 2620 admonitionibus,
496 2565 710 2622 voluptati
750 2579 801 2607 ac
835 2563 1020 2607 lubidini
1057 2579 1164 2607 suae
1194 2563 1408 2622 indulget,

67 2624 142 2661 aut
170 2619 314 2678 vitatis
336 2621 595 2675 laboribus,
625 2621 876 2676 timoribus,
907 2620 1130 2665 doloribus
1161 2636 1210 2664 ac
1240 2636 1408 2664 moero-

127 2700 213 2734 Puat.
241 2701 329 2744 Opp,
359 2704 435 2735 Vol.
464 2703 504 2736 X.
533 2704 626 2738 Sect.
657 2703 700 2736 11.
1120 2704 1134 2743 l
