1644 2886
492 113 576 156 DE
611 110 884 156 LEGIBUS
917 118 997 153 ete.
1249 107 1414 151 XXIX

59 230 166 273 XII.
212 245 252 285 p.
296 232 390 271 956.
433 229 484 270 Ε.
527 227 755 270 manifesto
797 224 851 267 ad
883 226 1004 268 Libr.
1037 224 1120 268 IX.
1154 232 1194 280 p.
1226 224 1322 266 665.
1353 223 1410 265 Ι).

63 290 111 330 E.
153 294 198 330 et
237 287 358 329 Libr.
393 286 498 328 XII.
541 302 580 342 p.
623 286 719 327 956.
755 282 803 324 Ε.
836 282 890 324 ad
920 282 1040 324 Libr.
1074 281 1204 324 VIII.
1239 296 1280 335 p.
1313 282 1410 338 846.

59 348 247 400 itemque
281 345 399 386 Libr.
433 343 511 384 IV.
545 359 587 399 p.
621 344 714 384 714.
748 340 800 382 E.
833 340 1005 396 ad‚111.
1036 356 1077 396 p.
1109 341 1204 381 690.
1236 340 1292 380 A.
1313 353 1408 393 sqq.

64 404 182 446 Libr.
214 401 296 444 IV.
327 419 369 459 p.
406 403 502 442 705.
537 400 591 442 D.
625 398 693 441 ad.
725 398 760 439 l.
794 413 836 454 p.
869 399 966 439 630.
999 397 1048 441 C.
1079 412 1144 452 sq.
1175 395 1298 438 Libr.
1326 395 1409 436 IV.

60 476 101 516 p.
133 461 228 503 710.
260 459 311 500 B.
343 457 399 500 ad
435 457 518 499 III.
552 473 592 514 p.
625 456 721 498 696.
753 454 834 508 D.,
876 454 998 497 Libr.
1030 454 1111 496 IV.
1144 469 1198 509 p„
1222 454 1319 495 714.
1353 452 1409 494 D.

59 517 115 560 ad
146 517 234 559 III.
280 533 322 573 p.
354 517 450 558 690.
494 516 550 557 A.
592 519 637 556 et
667 512 790 554 Libr.
819 510 906 553 IX.
936 527 978 568 p.
1018 513 1114 554 857.
1155 511 1209 553 Ι).
1241 509 1298 552 ad
1329 510 1409 552 IV.

59 591 101 631 p.
156 576 250 616 720.
308 575 362 616 A.
413 572 656 627 respicitur.
734 568 1064 625 Disputationis
1103 568 1226 610 filum
1265 574 1410 610 autem

59 631 243 676 subinde
282 629 505 672 intermitti
544 643 594 670 ac
633 625 790 668 deinde
830 626 927 668 aliis
961 626 1070 668 loeis
1101 625 1287 679 resumi,
1327 626 1412 667 iam

62 688 439 789 Ψῃωρθῆῗῗὶωῗ
478 682 1409 796 31]ῗέἣάξὲἒῗᾞῖῖ,ἔὲἒηῗῑιῡὲὲωξὲῃῗίῗζ·

157 779 166 787 .
238 761 285 787 ro
320 760 331 785 1
367 759 420 784 an
442 759 493 785 ur
595 773 607 796 ,
1393 765 1410 771 -

59 762 234 847 choataii
298 760 423 843 Ηξθο
460 815 564 842 vero
595 799 692 854 quis
723 813 885 853 quaeso
916 804 982 841 est
1012 797 1087 852 qui
1117 797 1202 839 sibi
1231 811 1412 854 persua-

59 861 160 903 deat
189 860 250 901 ita
279 858 374 900 fieri
404 857 602 914 potuisse
630 857 673 898 in
706 871 837 911 opere
867 855 996 912 plane
1027 855 1196 908 lacero,
1241 860 1411 910 pertur-

60 919 160 960 bato
196 915 382 958 necdum
424 914 479 957 ad
518 914 681 956 iustum
715 913 910 954 ordinem
942 912 1159 968 disposito
1190 918 1235 954 et
1265 911 1411 954 elabo-

58 974 182 1017 rato?
247 972 464 1016 Nimirum
505 972 681 1014 omnino
721 970 897 1025 quidem
946 970 1126 1012 dubium
1175 984 1270 1012 esse
1321 983 1411 1011 non

62 1038 225 1088 potest,
267 1030 372 1086 quin
404 1030 571 1087 Legum
602 1044 734 1086 opus,
775 1027 943 1070 etiamsi
976 1043 1062 1070 non
1094 1027 1222 1083 plane
1253 1041 1409 1083 perpo-

60 1091 180 1132 litum
222 1090 303 1142 sit,
346 1093 490 1129 tamen
539 1093 678 1128 totum
730 1092 865 1140 atque
914 1085 1131 1142 integrum
1186 1090 1410 1141 superstes

59 1147 292 1199 habeatur,
335 1145 497 1200 quippe
527 1158 660 1198 quum
700 1143 825 1200 plane
865 1143 908 1184 in
950 1157 996 1185 se
1027 1158 1158 1184 unum
1189 1142 1248 1185 sit
1278 1149 1409 1197 atque

61 1204 256 1259 partibus
287 1202 379 1244 suis
410 1201 668 1244 absolutum.

386 1546 508 1623 Cap.
556 1545 664 1607 XV.
725 1542 974 1622 Segment.
1016 1543 1095 1604 IV.

62 1683 134 1718 ne
159 1681 235 1724 iis,
261 1690 391 1725 quae
417 1682 465 1717 Ιιι
491 1681 774 1717 dialecticis
800 1681 986 1726 Legum
1012 1678 1208 1715 dotibus
1234 1680 1410 1716 merito

61 1739 408 1776 desiderantur
443 1739 596 1782 atque
639 1747 762 1783 opus
801 1747 896 1773 non
929 1737 1079 1782 plane
1109 1736 1174 1771 ab
1201 1738 1411 1774 auctore

381 1794 682 1840 pen-pontum
707 1803 821 1831 esse
847 1795 1080 1840 arguunt.

177 1886 269 1939 En,
315 1887 450 1929 habes
483 1887 742 1929 sententiam
773 1893 964 1929 nostram
995 1886 1048 1928 de
1079 1901 1222 1929 rerum
1251 1894 1412 1930 tracta-

61 1943 177 1985 tione
215 1942 259 1983 in
291 1943 460 1999 Legum
490 1944 613 1985 libris
652 1950 877 2000 usurpata.
946 1943 1088 1996 Quam
1120 1944 1158 1986 si
1189 1945 1264 1998 qui
1293 1960 1413 1987 man-

62 2015 155 2041 eam
190 2013 286 2042 esse
318 1998 522 2042 dixerunt
550 2007 628 2042 aut
657 2000 792 2055 plane·
810 2000 1123 2055 perturbatam,
1154 2000 1185 2041 ii
1216 2001 1413 2044 ordinem

60 2057 197 2112 ipsius
237 2057 538 2112 rationemque
577 2072 729 2113 parum
759 2063 885 2106 ,recte
925 2057 1223 2100 aestimavisse
1263 2059 1413 2102 existi-

62 2113 207 2155 mandi
246 2120 359 2156 sunt.
430 2116 491 2156 At
530 2129 656 2168 vero,
696 2113 839 2168 inquit
867 2113 1040 2170 aliquis,
1080 2130 1223 2157 nonne
1266 2121 1412 2159 tamen

63 2186 151 2214 non
181 2185 320 2227 pauca
350 2177 476 2226 sunt,
518 2186 629 2227 quae
660 2172 757 2226 quis
787 2172 880 2213 iure
909 2171 1153 2227 meritoque
1185 2172 1305 2216 dieat
1332 2174 1412 2216 mi-

62 2243 144 2270 nus
183 2234 387 2270 accurate
429 2243 481 2271 ae
509 2228 727 2271 subtiliter
758 2244 852 2271 esse
883 2227 1136 2285 disputata?
1196 2231 1413 2274 Nimirum

61 2284 106 2327 id
145 2285 319 2339 quidem
358 2286 488 2328 certis
534 2285 792 2341 quibusdam
832 2285 1155 2329 conditionibus
1193 2288 1287 2331 sine
1325 2289 1415 2331 ulla

63 2342 334 2385 dubitatione
353 2342 682 2386 eoncedendum
711 2350 926 2400 putamus.
976 2343 1272 2399 Reperiuntur
1300 2346 1413 2388 enim

61 2400 106 2441 in
138 2399 320 2456 singulis
352 2401 495 2457 operis
524 2401 721 2457 partibus
742 2400 908 2456 utique,
941 2403 1051 2456 quae
1083 2402 1278 2445 siminus
1311 2409 1414 2458 apte

62 2456 366 2513 subtiliterque
405 2458 605 2514 exposita
643 2472 741 2500 esse
773 2457 958 2511 dixeris,
999 2473 1126 2502 nemo
1156 2466 1317 2503 temere
1346 2475 1414 2502 re-

64 2514 337 2570 pugnaverit.
419 2514 595 2571 Quippe
648 2515 732 2557 alia
774 2515 888 2557 iusto
929 2516 1067 2558 fusius
1115 2523 1158 2558 et
1202 2517 1412 2573 prolixius

64 2570 275 2626 disputari
318 2571 546 2626 videntur,
589 2573 725 2614 veluti
761 2572 834 2614 illa
866 2573 983 2615 Libr.
1019 2573 1050 2616 I.
1094 2580 1139 2615 et
1179 2574 1238 2615 II.
1269 2574 1328 2616 in.
1360 2573 1414 2617 de

63 2628 456 2683 compotationibus
489 2629 787 2685 imprimisque
812 2629 931 2672 Libr.
964 2630 999 2673 Ι,
1034 2647 1074 2687 p.
1107 2632 1202 2674 638.
1235 2629 1287 2674 C.
1317 2646 1413 2688 sqq.

63 2692 107 2728 et
148 2685 225 2728 VI.
264 2699 306 2740 p.
347 2687 442 2727 779.
487 2687 543 2728 D.
579 2713 631 2717 —
665 2688 758 2730 782.
800 2686 855 2732 D.
895 2687 967 2729 ubi
1008 2687 1151 2743 agitur
1191 2687 1246 2731 de
1284 2703 1414 2732 sexus
