1644 2886
96 62 179 104 DE
210 62 490 121 LEGIBUS
524 62 640 105 [ΑΒ.
674 61 806 105 vul.
837 62 888 106 P.
918 65 1016 108 837.
1052 62 1149 104 838.
1184 62 1249 105 St.
1313 65 1396 106 439

144 181 241 224 ΑΘ.
297 178 457 224 ’Ἐοικά
487 197 556 235 γε,
592 178 701 238 ὅπερ
737 183 810 224 καὶ
845 179 1095 232 ἐτόπαζον,
1134 188 1278 237 τυχεῖν
1318 181 1397 234 τῆς
1430 178 1468 220 Ε

4 248 140 301 ’σῆς,
185 240 218 290 ὦ
262 249 383 305 φίλε,
426 247 664 301 ξυνῳδίας·
715 246 797 291 τὸν
840 249 885 290 δὲ
922 246 1063 302 νόμον
1096 245 1247 304 ὑμῶν,
1293 245 1317 290 ὅ
1355 264 1399 291 τι

40 323 133 358 νοεῖ
168 316 267 369 περὶ
306 313 362 357 τὰ
400 316 615 364 τοιαῦτα,
652 315 782 358 οὐδὲν
819 331 872 370 με
908 313 1122 367 ἐξετάζειν
1159 317 1245 365 δεῖ,
1288 317 1400 371 δέχε-

39 385 159 426 σθαι
192 383 240 425 δὲ
276 398 359 434 την
394 382 454 436 τῷ
493 379 613 436 λόγῳ
644 381 932 438 συγχώρησιν.
1009 383 1191 438 Κλεινίᾳ
1218 384 1264 426 δὲ
1287 380 1398 438 μετὰ

40 450 183 492 ταῦτα
227 451 301 492 καὶ
343 450 548 498 εὶςαῦθις
596 453 694 505 περὶ
729 448 881 492 αὐτῶν
926 447 1097 491 τούτων
1133 447 1403 506 πειράσομαι

37 514 217 572 ἐπᾴδων
250 519 451 559 πείθειν.
488 513 539 558 τὸ
578 518 624 559 δέ
656 533 734 572 μοι
769 503 1006 572 δεδομένον
1037 514 1126 560 ὑπὸ
1158 518 1287 577 σφῷν
1309 517 1399 568 ἴτω,

38 587 111 630 καὶ
147 583 441 638 διεξέλθωμεν
477 581 657 633 πάντως
692 582 798 634 τοὺς
834 583 1012 639 νόμους.

140 652 245 693 ΜΕ.
311 649 575 705 Ὀρθότατα
612 652 760 705 λέγεις.

144 718 242 760 ΑΘ.
317 720 483 773 Τέχνην
519 715 572 768 δή
611 715 693 759 τιν’
736 710 794 760 αὖ
832 716 998 761 τούτου
1031 720 1110 762 τοῦ
1144 716 1283 774 νόμου
1322 720 1400 771 τῆς
1431 718 1511 760 838

40 788 206 833 θέσεως
235 789 282 826 ὲν
318 785 379 840 τῷ
417 785 498 827 νῦν
534 782 728 839 παρόντι
766 782 850 836 τὴν
878 786 967 841 μὲν
995 783 1160 843 ῥᾳδίαν
1188 790 1279 842 ἔχω,
1317 785 1401 836 τὴν

37 851 76 895 δ’
136 845 196 894 αὖ
242 850 341 894 τινὰ
394 849 561 908 τρόπον
604 850 895 894 παντάπασιν
937 849 995 901 ὠς
1042 851 1140 897 οἷόν
1185 869 1240 911 τεο
1271 856 1400 910 χαλε-

37 918 263 971 πωτάτην.

140 987 244 1029 ΜΕ.
323 987 426 1036 Πῶς
461 982 514 1037 δὴ
551 986 710 1040 λέμιςς

139 1053 241 1096 ΛΘ.
301 1052 447 1107 ’Ἰσμεν
478 1068 567 1095 που
603 1069 677 1096 και
712 1049 767 1094 τὰ
808 1052 890 1095 νῦν
928 1050 1034 1101 τοὺς
1058 1053 1286 1104 πλείστους
1311 1054 1399 1097 τῶν

37 1102 325 1176 ἀνθρώπων,
380 1122 536 1175 καίπερ
596 1119 891 1175 παρανόμους
931 1115 1090 1169 ὄντας,
1147 1117 1207 1171 ὠς
1261 1137 1309 1164 ευ
1354 1137 1398 1164 τε

38 1189 111 1230 καὶ
147 1186 343 1244 ακριβῶς
375 1185 602 1242 eipyovtm
637 1189 716 1240 τῆς
755 1188 844 1229 τῶν
879 1187 1027 1229 καλῶν
1051 1193 1287 1238 συνουσίας
1318 1187 1399 1232 οὐκ

38 1252 244 1307 ἄκοντες,
281 1252 341 1305 ὡς
364 1251 475 1298 ,οἷόν
513 1270 559 1297 τε
595 1255 640 1297 δὲ
676 1251 869 1309 μάλιστα
904 1252 1091 1304 ἑκόντες.

140 1323 245 1365 ΜΕ.
319 1321 438 1365 Πότε
475 1324 636 1376 λέγεις;

131 1475 173 1509 ὲι
200 1477 244 1517 τῇ
272 1476 390 1509 πόλει
415 1477 594 1518 ἐνεῖναι]
623 1476 664 1508 V.
679 1471 777 1508 εἶναι.
803 1475 875 1509 Sed
891 1474 1077 1508 ἐνεῖναιΑ.
1104 1475 1143 1510 Ω.
1173 1489 1202 1509 v.
1221 1478 1255 1510 h.
1274 1488 1300 1510 r
1316 1477 1345 1511 δ.
1361 1490 1396 1511 x.

42 1568 69 1599 1
133 1519 264 1603 &Annis
289 1525 485 1566 λέγομεν;
496 1523 507 1566 ]
533 1523 578 1556 V.
603 1522 762 1564 λέγωμεν
789 1521 955 1555 Correxit
979 1523 1123 1565 Astius,
1154 1525 1399 1558 consentiente

72 1579 172 1647 ΜΡ.
197 1615 274 1649 838.
326 1614 399 1658 τὴν
424 1613 496 1654 μὲν
514 1612 676 1668 ῥᾳδίαν
708 1613 801 1655 ἔχω,
828 1611 899 1655 τὴι
924 1610 959 1646 δ’
985 1609 1056 1657 αὖ]
1085 1614 1287 1658 Stephanus
1313 1619 1397 1649 scri-

38 1661 109 1701 psit
135 1661 174 1701 ιῇ
197 1659 258 1701 μὲν
284 1681 322 1685 —
351 1662 390 1703 τῇ
418 1657 454 1692 δ’
480 1655 537 1702 αὖ,
562 1661 656 1703 quod
684 1662 742 1703 qui
769 1671 846 1692 eum
872 1662 1011 1703 sequuti
1038 1668 1120 1693 sunt
1145 1663 1300 1696 editores
1326 1674 1397 1696 uno

39 1705 206 1741 Schneid.
217 1713 363 1750 excepto
378 1718 499 1740 omues
512 1707 764 1750 praeterfidem
778 1707 950 1739 librorum
966 1712 1166 1740 tenuerunt.
1178 1720 1207 1741 v.
1217 1710 1396 1751 explicatt.

40 1819 166 1857 modo
191 1821 441 1852 censemus?
468 1831 500 1851 v.
514 1819 681 1860 adGorg.

39 1876 72 1907 p
97 1864 180 1899 480.
202 1865 244 1897 Β.
270 1866 365 1899 Male
388 1866 497 1907 vulgo
523 1865 680 1907 λέγωμεν.

83 1912 126 1943 Ε.
174 1910 247 1954 τὴν
284 1913 337 1943 τῶ
379 1909 487 1965 Ro'yffl
524 1922 682 1953 συγχω-

39 1958 188 2001 ρησιν]
239 1959 313 1990 sed
366 1959 574 1999 accipere
621 1968 683 1990 as·

39 2005 312 2044 sensionem,
356 2015 478 2045 quam
530 2010 684 2036 nacta

41 2056 107 2082 est
131 2060 224 2082 mea
251 2051 414 2082 oratio.

85 2094 255 2138 ἐπᾴδων
300 2094 495 2137 πείθειν]
531 2097 680 2128 incan-

39 2143 247 2174 tamentis
302 2141 525 2174 adhibitis
582 2151 682 2183 per-

41 2189 229 2220 suadere
253 2188 458 2220 conabor.

85 2232 128 2265 τὸ
163 2233 206 2266 δέ
240 2245 310 2273 μοι
344 2231 584 2272 δεδομένον
614 2236 681 2271 -1

40 2279 122 2312 Sed
170 2281 286 2322 quod
335 2278 439 2312 mih'i
489 2289 509 2311 a
557 2278 683 2310 vobis

41 2336 296 2359 concessum
333 2330 419 2366 est,
444 2326 489 2357 id
514 2326 595 2357 iam
619 2326 685 2356 ita

41 2372 102 2404 sit
144 2383 172 2404 s.
223 2373 325 2413 fiat3
366 2381 684 2413 persequamur

42 2427 153 2450 nune
184 2420 363 2451 omnino
400 2418 533 2458 leges.
583 2417 684 2449 Istud

43 2464 101 2495 I'tm
118 2471 290 2506 usurpant
315 2465 374 2506 qui
396 2465 535 2496 fortiter
552 2463 684 2505 aliquid

42 2509 126 2541 mali
150 2509 303 2543 tolerare
327 2515 389 2542 aut
421 2511 542 2552 aliqua
566 2520 604 2541 re
629 2520 684 2541 ac-

43 2555 225 2596 quiescere
251 2566 398 2597 eamque
430 2556 592 2598 amplecti
627 2556 684 2586 de-

44 2606 240 2634 creverunt.
263 2613 295 2636 v.
314 2602 614 2636 Hemstcrhus.
641 2602 684 2633 ad

46 2646 182 2681 Gallim.
219 2648 347 2690 Hymn.
378 2649 415 2680 in
442 2649 519 2682 Del.
548 2660 578 2680 v.
606 2647 683 2681 128.

751 1824 785 1850 et
812 1819 1049 1852 Elmsleius
1076 1822 1121 1853 ad
1150 1821 1271 1864 Eurip.
1300 1822 1393 1854 Med.

752 1877 784 1897 v.
812 1864 905 1899 780--

833 1909 944 1945 838
994 1908 1065 1952 τὴν
1093 1911 1182 1963 μὲι
1239 1910 1395 1955 §palm

751 1956 845 1997 ἔχω,
881 1954 954 1998 τὴν
986 1953 1020 1988 δ’
1053 1951 1103 1989 αὖ
1129 1958 1195 2002 —]
1233 1960 1395 2000 partim

750 2002 930 2035 facilem
954 2003 1116 2042 habeo,
1141 2006 1302 2045 partim
1329 2016 1394 2038 ve-

750 2059 797 2080 ro
847 2046 999 2081 etiam
1053 2050 1394 2084 difficillimam.

751 2094 854 2126 Hunc
887 2105 988 2127 usum
1022 2095 1196 2128 formulae
1223 2093 1241 2128 ὁ
1266 2095 1326 2136 μὲν
1352 2115 1393 2121 -—·

753 2134 771 2170 ὅ
798 2138 845 2178 δέ,
870 2140 976 2173 hodie
1001 2142 1233 2185 tralaticium,
1268 2144 1395 2175 mirum

752 2191 805 2218 est
831 2187 927 2218 viros
946 2188 1071 2220 doctos
1098 2189 1187 2221 adeo
1214 2171 1396 2229 fefellisse,

752 2238 792 2264 ut
818 2233 856 2273 τῇ
881 2231 943 2272 μὲι
970 2251 1007 2255 —
1039 2234 1077 2274 τῇ
1103 2232 1140 2266 δὲ
1172 2235 1396 2268 scribendum

754 2279 932 2310 duxerint.
980 2279 1022 2312 Id
1057 2282 1153 2322 quod
1186 2291 1258 2313 non
1290 2283 1397 2314 modo

753 2323 998 2365 Stephano,
1029 2327 1091 2358 sed
1125 2327 1229 2358 etiam
1267 2328 1398 2359 Astio

752 2370 839 2403 Bek
851 2370 957 2403 kero
983 2382 1024 2404 ac
1037 2372 1299 2406 ‘Turicensibus
1322 2374 1398 2416 pla-

754 2417 837 2448 cuit.
898 2418 948 2448 At
981 2418 1079 2458 vide,
1118 2428 1272 2460 quaeso,
1307 2429 1398 2461 quae

755 2468 879 2495 contra
923 2472 1138 2497 monuerunt
1184 2464 1395 2498 Bernhar-

755 2510 806 2549 dy
833 2508 968 2550 Syntax
1003 2521 1036 2551 p.
1056 2510 1135 2545 307.
1163 2521 1215 2552 sq.
1244 2516 1278 2544 et
1294 2506 1397 2544 Mat·

756 2554 872 2586 thiae
897 2553 958 2586 Gr.
984 2555 1014 2596 ξ.
1042 2556 1121 2591 288
1147 2568 1229 2589 ann.
1256 2558 1287 2592 1.
1329 2558 1395 2590 Le-

756 2601 852 2642 gitur
876 2602 1016 2642 quidem
1042 2613 1075 2644 p.
1100 2603 1179 2638 839.
1206 2603 1246 2635 B.
1282 2603 1397 2645 τέχνην

759 2657 924 2688 nentrum·
947 2660 982 2679 rr
1006 2648 1063 2687 μὲν
1091 2646 1218 2692 ῥᾴστνι
1243 2647 1395 2684 sinantur,
