1644 2886
302 103 383 146 366
773 106 1143 151 PLATONIS

236 213 271 252 U
304 229 456 275 τεμεῖν.
495 224 556 267 τίς
590 213 667 262 οὖν
702 218 836 272 αὕτη,
869 239 939 264 και
974 225 1031 283 πῆ
1064 226 1126 266 δεῖ
1155 226 1283 280 χωρὶς
1318 227 1479 279 τέμνειν
1513 230 1610 268 ἑκα-

305 291 456 341 τέρανς
501 282 582 335 ὅση
625 287 703 338 μὲν
743 284 922 342 βακχεία
968 288 1009 330 τ’
1058 292 1146 332 ἐστι
1189 292 1260 333 καὶ
1303 306 1390 332 των
1433 290 1612 341 ταύταις

303 356 542 429 ἑπομένων,
580 349 634 401 ἃς
673 350 860 411 Νύμφας
893 370 938 396 τε
972 359 1043 397 καὶ
1080 357 1240 406 Πᾶνας
1272 372 1343 398 και
1369 357 1612 408 Σειληνοὺς

304 435 377 460 και
407 416 647 480 Σατύρους
684 418 1055 496 ἐπονομάζοντες,
1098 420 1155 471 ὥς
1199 437 1331 479 φασι,
1377 425 1612 476 μιμοῦνται

305 487 651 537 κατῳνωμένους,
686 500 781 539 περι
803 487 1069 541 καθαρμούς
1102 504 1146 530 τε
1181 491 1252 530 καὶ
1288 487 1459 538 τελετάς
1494 505 1615 539 τινας

303 548 659 600 ἀποτελούντων,
706 549 878 605 ξύμπαν
922 554 1054 596 τοῦτο
1102 555 1178 604 τῆς
1218 553 1430 609 ὀρχήσεως
1464 553 1512 597 τὸ
1549 560 1613 607 γέ-

305 632 381 665 νος
416 612 525 657 οὕθ’
566 614 623 666 ὡς
658 616 873 671 εἰρηνικὸν
911 618 1019 661 οὔθ’
1067 618 1124 669 ὡς
1165 619 1397 674 πολεμικὸν
1442 617 1550 663 οὔθ’
1587 618 1611 663 ὅ

304 686 345 724 τί
392 697 495 724 ποτε
537 681 740 735 βούλεται
774 680 930 739 ῥᾴδιον
962 682 1293 743 ἀφορίσασθαι·
1330 687 1611 741 διορίσασθαι

393 834 431 866 (3.
481 833 557 874 San
581 836 651 875 μὲν
674 834 873 878 βακχεία]
898 834 973 867 Sam
999 835 1092 868 editt.
1119 841 1196 869 ante
1220 836 1338 879 steph.

389 891 525 922 μιμου
539 892 631 910 urae
664 881 1014 923 κατῳνωμένοις]
1049 880 1108 913 Sic
1141 885 1177 913 Α.
1213 879 1249 913 Ω.
1281 884 1316 915 Ξ.
1351 893 1379 916 ν.
1412 883 1434 914 f.
1469 882 1498 914 h.
1531 893 1561 916 n.
1586 894 1614 915 c.

303 924 335 956 δ.
359 937 389 956 o.
439 924 636 966 Legebatur
656 937 773 956 narow
776 927 928 966 ωμένους.

393 969 489 1012 περὶ
519 972 694 1010 ›za-91:912
705 982 752 1001 ου
769 970 805 1010 ς]
839 971 1031 1012 Stephanus
1057 971 1200 1003 coniecit
1229 970 1522 1014 περικαθαρμούς.
1575 972 1614 1004 xd

303 1024 411 1056 nuper
451 1014 631 1046 ediderunt
666 1014 897 1058 Turicenaea‚'
924 1024 1066 1056 quorum
1105 1017 1306 1049 sententiam
1343 1022 1455 1050 tamen
1495 1021 1615 1059 postea

307 1060 467 1092 Baiterna
491 1061 700 1092 retractavit.
727 1060 815 1092 conf.
842 1071 872 1103 p.
899 1061 974 1094 790.
1003 1061 1040 1093 D.

395 1106 438 1139 D.
490 1105 542 1137 Τό
575 1103 618 1144 δὴ
654 1109 729 1146 τῆς
760 1104 982 1147 ἀπολέμου
1013 1104 1217 1147 Μούσης]
1251 1105 1309 1138 Sic
1343 1107 1378 1138 Ξ.
1413 1117 1437 1138 r.
1469 1117 1498 1138 a.
1534 1116 1562 1139 c.
1586 1119 1614 1138 o.

304 1161 381 1183 cum
410 1150 701 1182 Ald.10v.ssas
725 1151 754 1184 1.
770 1151 800 1184 2.
850 1151 919 1183 Sed
945 1150 1104 1193 Stephan.
1133 1149 1179 1182 Τὸ
1206 1151 1241 1182 δὲ
1269 1150 1307 1191 δὴ
1335 1155 1394 1193 τῆς
1418 1150 1477 1183 ἀπ.
1506 1151 1614 1184 Codd

304 1263 361 1295 Vl.
390 1274 421 1304 p.
450 1260 526 1296 484.
554 1261 593 1293 C.
612 1262 655 1294 al.
706 1261 857 1302 Denique
881 1273 931 1297 τις

303 1312 384 1349 post
413 1306 532 1349 φύσιν,
561 1306 651 1348 quod
690 1305 931 1348 Stephanus

303 1354 432 1394 primus
472 1352 636 1389 restituit,
674 1351 830 1384 codicum
872 1361 930 1384 au-

304 1399 466 1431 ctoritate
495 1399 559 1431 iam
595 1399 640 1430 ita
675 1398 840 1429 firmatum
867 1402 931 1436 est,

303 1449 343 1477 ut
367 1454 467 1477 nemo
492 1443 602 1476 adhuc
625 1444 758 1475 futurus
782 1443 842 1479 sit,
876 1443 931 1483 qui

304 1491 347 1522 de
379 1491 456 1522 eius
489 1489 556 1521 fide
579 1493 613 1521 et
637 1488 840 1521 auctoritate
868 1488 930 1520 du-

303 1536 414 1567 bitare
437 1534 570 1567 audeat.

350 1603 389 1634 C.
445 1613 520 1642 οση
551 1602 623 1642 μὲν
652 1602 828 1641 βακχεία
863 1601 925 1643 -—]

306 1648 340 1679 ln
366 1646 414 1679 hia
440 1650 504 1677 τῶν
528 1657 592 1677 tau
576 1643 673 1683 όταις
695 1646 867 1687 ἑπομένων,
895 1644 925 1678 h.

306 1703 336 1724 e.
385 1691 609 1730 similium,
657 1701 684 1723 a.
726 1696 926 1733 cognato-

305 1747 412 1777 rum,
459 1736 584 1769 dictum
629 1736 766 1777 perinde
812 1747 853 1768 ac
895 1736 926 1775 ,si

305 1783 554 1826 praecesserit:
586 1779 650 1820 ὅση
675 1782 735 1822 μὲν
759 1780 930 1824 (ὄρχησις)

305 1829 378 1860 ἐστὶ
427 1830 494 1859 τῶν
549 1827 701 1865 Βακχῶν.
767 1825 929 1859 Nimirum

306 1882 495 1916 pronomen
538 1871 681 1905 subinde
712 1872 861 1904 refertur
889 1870 931 1903 ad

307 1918 573 1954 substantivum,
607 1916 698 1958 quod
735 1927 799 1949 non
835 1926 931 1959 prae·

307 1964 426 2003 cessit,
463 1962 522 1995 sed
566 1972 626 2003 per
664 1967 842 2004 cognatum
873 1972 932 1994 no-

306 2019 382 2042 men
426 2009 636 2050 intelligitur.
676 2007 819 2049 Eurip.
862 2007 933 2040 He·

307 2055 384 2088 cub.
408 2064 438 2084 v.
459 2054 515 2087 22.
541 2052 611 2085 ἐπεὶ
633 2052 667 2084 δὲ
689 2070 733 2077 --
757 2051 931 2097 πατρώα

306 2100 398 2133 ἑστία
423 2097 614 2140 κατεσκάφη
639 2117 680 2121 -
705 2097 814 2135 αὐτὸς
838 2098 872 2130 δὲ
896 2096 930 2140 (ὁ

307 2142 436 2187 πατήρ)
474 2146 577 2187 βωμῷ
612 2141 696 2185 πρὸς
747 2141 932 2186 θεοδμήτῳ

307 2192 435 2227 πιτνεῖς
458 2189 513 2221 ubi
538 2198 569 2219 v.
594 2184 847 2227 Porsonum,
877 2188 932 2230 qui

308 2238 445 2277 praeter
461 2234 527 2267 alia
541 2237 716 2274 comparat
740 2233 837 2266 Cice
848 2243 930 2265 ron.

307 2280 363 2313 De
393 2279 491 2312 Orat.
523 2278 564 2311 ll.
597 2277 654 2312 46.
692 2287 827 2320 neque
862 2288 933 2321 pa-

306 2329 468 2359 ternum
499 2323 752 2366 adspectum
782 2334 825 2357 es
862 2334 931 2356 ve-

308 2371 452 2410 ritus,
466 2379 577 2413 quem
600 2369 761 2412 (patrem)
786 2371 932 2402 aetate

309 2419 466 2449 exacta
504 2414 689 2455 indigem
728 2413 930 2447 liberum

310 2460 532 2500 lacerasti,
559 2459 744 2499 orbasti,
773 2459 930 2492 exstin-

312 2505 427 2539 xiati.

354 2568 403 2609 ἃς
428 2570 613 2613 Νύμφας
636 2583 677 2604 τε
701 2571 932 2607 καὶΠᾶνας

311 2616 377 2658 —J
408 2626 512 2659 quaa
542 2616 756 2659 Nymphae
789 2620 830 2649 et
856 2616 930 2648 Pa·

311 2671 384 2694 ne·
426 2666 468 2696 et
506 2662 678 2697 Silenos
715 2661 932 2705 appellan-

997 1266 1086 1300 tes,
1116 1265 1159 1293 ut
1195 1260 1358 1301 dicunt,
1393 1262 1617 1294 imitantur

996 1307 1096 1338 vino
1129 1306 1298 1346 ebrios,
1324 1308 1616 1339 lustrationes

997 1356 1036 1383 et
1060 1351 1190 1383 initia
1222 1351 1428 1392 quaedam
1460 1352 1616 1384 facien-

997 1403 1071 1428 tea.
1118 1396 1297 1428 Genitivua
1328 1397 1505 1429 absolutus
1529 1396 1616 1428 «ἔπο-

996 1440 1179 1473 τελούντων
1212 1447 1290 1482 post
1317 1445 1502 1484 μιμοῦνται
1538 1443 1615 1474 illa-

995 1491 1051 1518 tus
1077 1497 1118 1518 ne
1140 1496 1238 1527 quem
1264 1492 1429 1524 moretur,
1461 1496 1526 1519 non
1559 1498 1615 1520 ca-

993 1536 1044 1564 ret
1075 1533 1131 1564 ille
1156 1531 1278 1564 idonea
1309 1541 1428 1563 caussa
1455 1536 1490 1563 et
1512 1533 1615 1563 ratio-

993 1586 1053 1612 ne,·
1077 1587 1106 1610 v.
1129 1575 1171 1608 ad
1199 1576 1328 1609 Phileb.
1355 1588 1386 1619 p.
1409 1576 1466 1610 44.
1483 1578 1521 1609 C.
1549 1577 1617 1609 Pro

993 1620 1069 1661 περὶ
1092 1620 1312 1662 καθαρμούς,
1342 1631 1428 1662 quae
1445 1626 1497 1653 est
1512 1622 1617 1654 libro-

992 1675 1065 1698 rum
1123 1665 1312 1706 scriptura,
1361 1675 1469 1708 nuper
1518 1668 1616 1699 etiam

993 1711 1096 1744 unice·
1111 1710 1251 1752 probata
1278 1710 1537 1750 Hermanno,
1563 1710 1616 1743 alii

996 1755 1038 1788 ‹le
1064 1755 1274 1796 Stephani
1300 1756 1494 1788 coniectura
1519 1756 1616 1788 refin—

997 1811 1078 1834 xere
1105 1798 1404 1842 περικαθαρμοός,
1432 1800 1521 1841 quod
1546 1802 1618 1842 pla-

998 1847 1068 1878 cuit
1097 1846 1199 1878 etiam
1233 1845 1488 1878 Turicensibus.
1545 1846 1617 1878 Non

998 1892 1062 1923 rari
1090 1894 1183 1923 certe
1207 1900 1288 1922 usus
1317 1894 1370 1922 est
1397 1891 1533 1923 verbum
1562 1902 1618 1922 nr-

997 1937 1221 1978 ρικαθαίρειν.
1245 1935 1315 1968 Sed
1329 1935 1520 1968 dubitamus
1533 1946 1619 1968 nunc

998 1982 1041 2014 de
1072 1981 1266 2013 mutationis
1297 1981 1514 2013 necessitate.
1570 1982 1619 2013 De

998 2037 1035 2059 re
1077 2026 1148 2069 ipsa
1194 2025 1382 2059 audiendu-
1423 2026 1618 2067 Bo'ttige—

999 2081 1068 2105 rus
1110 2075 1164 2104 eat
1200 2072 1231 2103 in
1274 2071 1500 2104 Commentat.
1570 2072 1619 2104 De

997 2121 1141 2159 quatuor
1170 2117 1219 2149 rei
1257 2117 1413 2150 scenicae
1448 2116 1618 2148 aetatibus

999 2173 1032 2204 p.
1057 2162 1112 2197 17.
1137 2172 1179 2193 =
1203 2161 1279 2196 342.
1305 2162 1434 2202 Opusc.
1462 2160 1537 2195 Lat.
1563 2161 1617 2194 ed.

999 2208 1106 2249 Sillig.
1152 2208 1377 2246 ,‚Mimarum‚
1409 2206 1532 2247 inquit,
1558 2216 1617 2238 an-

998 2253 1187 2294 tiquissima
1212 2252 1351 2293 vestigia
1374 2251 1406 2282 in
1423 2250 1619 2283 mulieribus

998 2298 1146 2330 Doricae
1198 2297 1312 2339 stirpi·
1365 2295 1617 2329 Bacchanalium

999 2353 1156 2386 pompam
1184 2342 1422 2384 Nympharum,
1448 2340 1619 2374 Horarum

998 2393 1033 2421 et
1056 2388 1250 2420 Gratiarum
1282 2386 1397 2428 specie
1428 2386 1618 2420 comitanti-

997 2434 1060 2466 bus
1106 2431 1359 2474 deprehendere
1406 2430 1482 2463 mihi
1524 2432 1620 2464 viana

997 2489 1083 2511 aum.
1130 2478 1247 2510 Locus
1280 2476 1419 2517 insignis
1452 2479 1506 2508 eat
1532 2475 1618 2519 apud

999 2524 1174 2557 Platonem
1207 2522 1313 2564 Legg.
1350 2521 1442 2561 vu„
1482 2521 1541 2554 ubi
1575 2520 1618 2553 ad

997 2566 1173 2609 ambiguas
1190 2571 1224 2600 et
1239 2565 1495 2610 proscribendus
1511 2567 1618 2598 omni-

998 2624 1041 2646 no
1071 2623 1090 2645 e
1119 2613 1290 2668 republica
1327 2620 1386 2644 aua
1418 2610 1619 2643 saltatione·

998 2658 1104 2692 refert
1134 2657 1174 2690 τὰ
1200 2660 1340 2699 βακχεῖα
1373 2654 1429 2688 naz
1449 2654 1510 2693 τὰς
1537 2656 1619 2688 ταύ-
