1644 2886
152 87 231 129 DE
267 43 543 130 LEGIBUS
576 85 694 128 LIB.
729 84 833 126 Vll.
867 85 915 126 P.
952 84 1044 124 797.
1077 83 1168 125 798.
1203 81 1268 124 St.
1332 81 1410 122 237

62 206 299 264 σωμάτων,
332 212 380 251 ἐν
422 204 610 283 τρόποις
653 205 832 261 ψυχῶν,
867 207 913 246 ἐν
956 200 1015 253 ὡς
1049 205 1151 253 ἔπος
1188 206 1322 245 εἰπεῖν
1358 199 1411 244 ού

59 284 154 327 τοῖς
184 279 275 331 μέν,
313 283 406 326 τοῖς
441 273 484 318 ὁ
525 271 594 323 οὕ,
629 269 770 325 πλήν,
804 268 828 314 ὅ
867 274 908 313 τί
947 287 1026 327 περ
1063 269 1186 314 εἷπον
1222 269 1303 312 νῦν
1337 268 1409 321 δή,

59 351 233 394 κακοῖς·
280 340 409 393 ὥςτε,
446 343 485 386 εἴ
527 358 595 390 τις
635 338 906 397 ἀποβλέψειε
953 338 1066 394 πρὸς
1112 335 1320 393 σώματα,
1354 334 1411 386 ὡς

60 414 170 455 πᾶσι
202 412 283 467 μὲν
317 413 484 461 σιτίοις,
520 410 632 453 πᾶσι
668 406 707 451 δ’
751 398 810 449 αὖ
844 413 1002 455 ποτοῖς
1037 408 1111 448 καὶ
1147 403 1305 454 πόνοις
1340 403 1412 456 ξυ-

58 480 183 532 νήθη
221 476 347 533 γιγνι’
349 494 474 534 μενα,
494 494 569 520 και
605 472 655 518 τὸ
691 475 870 530 πρῶτον
906 476 1194 528 ταραχθέντα
1228 470 1304 515 ὑπ
1330 470 1413 514 αὐ-

58 548 170 596 τῶν,
216 545 351 589 ἔπειτ’
403 547 447 598 ἐξ
491 544 643 588 αὐτῶν
687 540 859 586 τούτων
907 539 994 583 ὑπὸ
1041 541 1207 597 χρόνου
1242 538 1412 596 σάρκας

57 613 267 673 φύσαντα
314 617 476 663 οἰκείας
519 610 718 660 τούτοις,
752 611 861 667 φίλα
906 624 951 651 τε
997 612 1070 650 καὶ
1116 607 1294 661 συνήθη
1337 610 1410 650 καὶ

55 680 254 739 γνώριμα
290 679 502 735 γενόμενα
538 677 690 738 ἁπάσῃ
710 677 850 737 ταύτῃ
871 678 924 737 τῇ
945 679 1090 736 διαίτῃ
1110 677 1222 732 πρὸς
1243 675 1410 728 ἡδονὴν

55 751 127 792 καὶ
162 747 331 805 ὑγίειαν
363 746 526 804 ἄριστα
560 745 714 800 διάγει,
750 746 824 788 καὶ
856 742 916 786 ἄν
948 743 1043 786 ποτ’
1085 742 1176 799 ἄρα
1201 744 1408 796 α’ναγκα·

55 819 150 876 σθῇ
182 815 474 878 μεταβάλλειν
503 807 644 864 αὖθις
678 811 888 866 ἡντινοῦν
920 813 1009 853 τῶν
1028 810 1271 868 εὐδοκίμων
1295 813 1406 854 διαι-

54 885 163 934 τῶν,
211 882 260 926 τό
306 900 354 938 γε
402 881 492 925 κατ’
544 879 688 937 ἀρχὰς
736 881 1068 935 συνταραχθεὶς
1119 878 1207 924 ὑπὸ
1263 879 1407 922 νόσων

51 950 178 1006 μόγις
220 953 328 995 ποτὲ
372 956 558 1002 κατέστη
593 946 676 1000 τὴν
710 947 961 999 συνήθειαν
999 949 1050 1007 τῇ
1087 949 1230 1008 τροφῇ
1274 946 1409 990 πάλιν

53 1017 317 1073 ἀπολαβώνι
357 1017 526 1061 ταύτὸν
564 1014 618 1069 δὴ
656 1020 720 1059 ὸέῖ
757 1017 948 1069 νομίζειν
996 1016 1128 1059 τοῦτο
1170 1019 1407 1071 γίγνεσθαι

53 1087 126 1129 καὶ
173 1088 269 1141 περὶ
314 1082 397 1135 τὰς
442 1087 530 1128 τῶν
571 1082 836 1138 ἀνθρώπων
880 1085 1081 1133 διανοίας
1125 1100 1170 1127 τε
1198 1081 1295 1139 ἅμα
1333 1086 1406 1126 καὶ

52 1151 136 1204 τὰς
170 1155 259 1197 τῶν
293 1154 448 1212 ψυχῶν
483 1150 655 1210 φύσεις·
693 1149 759 1200 οἷς
794 1148 877 1205 γὰρ
909 1147 966 1192 o'iv
986 1153 1236 1209 ὲντραᾳῶσι
1256 1149 1408 1206 νόμοις

52 1223 126 1264 καὶ
170 1219 286 1264 κατά
333 1237 432 1263 τινα
485 1223 622 1263 θείαν
680 1217 886 1274 εὐτυχίαν
939 1217 1147 1270 ἀκίνητοι
1192 1226 1404 1274 γένωνται

51 1290 233 1344 μακρῶν
267 1290 341 1331 καὶ
377 1290 552 1331 πολλῶν
582 1283 770 1343 χρόνων,
806 1285 864 1335 ὡς
897 1289 1063 1339 μηδενα
1103 1291 1215 1343 ἔχειν
1247 1291 1405 1342 μνείαν

51 1358 159 1410 μηδὲ
192 1354 336 1407 ἀκοὴν
373 1357 453 1398 τοῦ
489 1359 596 1398 ποτὲ
631 1352 776 1404 ἄλλως
818 1352 935 1396 αὐτὰ
975 1362 1092 1409 σχεῖν
1125 1354 1152 1408 ἢ
1187 1353 1402 1412 καθάπερ

143 1523 184 1555 Ε.
236 1519 256 1553 ὅ
282 1523 320 1554 τί
343 1533 418 1563 περ
442 1518 593 1563 ειπον]
622 1530 737 1563 οιςπερ
763 1523 895 1554 mavult
920 1522 1072 1555 Bekker.

147 1571 183 1601 Ρ.
207 1568 286 1603 798.
339 1568 383 1600 τό
399 1579 455 1622 γε
480 1564 568 1599 κατ’
594 1563 741 1610 ἀρχὰς]
769 1567 830 1600 Sic
858 1573 897 1600 A.
948 1572 1042 1601 Ante
1073 1569 1272 1602 Bekkerum
1305 1571 1398 1612 lege-

51 1616 168 1648 batur:
195 1613 269 1646 τότε
294 1612 363 1647 κατ’
386 1611 499 1657 ἀρχάς
525 1615 618 1656 quod
645 1615 751 1646 ceteri
776 1616 876 1647 codd.
905 1621 1057 1648 tuentur.

806 1761 966 1797 [αὐτὸν
1007 1764 1055 1808 δὴ
1102 1765 1166 1798 δεῖ
1206 1767 1399 1808 νομίζειν

49 1762 125 1796 ποκ’
151 1764 217 1807 ἄρα
243 1763 397 1807 Σπάρτᾳ.
446 1765 512 1797 Est
543 1775 626 1796 vero
652 1763 688 1795 ἐι-

758 1821 783 1841 τ.
822 1813 875 1854 γ.]
921 1811 991 1844 Per
1032 1813 1272 1844 anacoluthon
1312 1814 1399 1846 haec

48 1808 92 1843 οὕ
129 1815 200 1843 τοῖς
230 1810 304 1850 μέν,
339 1815 410 1842 τοῖς
444 1807 480 1842 δ’
510 1808 572 1849 οὔ,
595 1811 688 1842 idem

47 1858 122 1889 fere
153 1858 249 1898 quod
281 1855 319 1888 ἐν
353 1854 495 1891 ἅπασιν.
520 1867 688 1898 quorsum

47 1904 201 1945 pertinet
226 1904 378 1935 formula
394 1900 442 1935 ὥς
465 1903 549 1934 ἔπος
572 1902 689 1941 εἰπεῖν,

46 1960 182 1992 prope
222 1950 423 1990 dixerim,
462 1950 506 1982 de
542 1960 612 1991 qua
651 1960 685 1983 V.

44 1997 91 2028 ad
117 1995 235 2038 Symp.
262 2007 296 2038 p.
322 1996 401 2031 179.
425 1996 472 2028 Α.
502 1995 687 2028 Phaedon.

45 2053 80 2084 p.
107 2042 162 2077 78.
187 2043 230 2074 Ε.
256 2041 367 2084 Gorg.
383 2054 417 2085 p.
431 2041 512 2076 450.
530 2042 571 2074 B.
597 2042 686 2074 For·

46 2089 174 2121 mulam
201 2087 238 2120 οἱ
258 2089 328 2128 μέν,
356 2089 394 2120 οἱ
414 2085 450 2120 δ’
474 2085 685 2121 οὔίΙΙηεῐτε-

44 2136 159 2168 vimus
184 2136 228 2168 ad
246 2135 386 2168 Phile-b.
410 2146 442 2177 p.
471 2135 526 2169 22.
548 2137 594 2167 A.
621 2135 688 2167 πᾶς

45 2178 156 2224 δήπου
181 2179 308 2214 τοῦτόν
339 2193 384 2237 γε
401 2179 576 2224 αἱρήσεται
600 2179 685 2224 πρό-

44 2239 144 2270 τερον
170 2225 191 2270 ἦ
210 2227 349 2260 ἐκείνων
365 2224 614 2270 ὁποτερονοῦν,
631 2229 685 2260 καὶ

44 2273 151 2330 πρὸς
163 2273 302 2307 τούτοις
335 2286 373 2318 γε
408 2272 471 2316 ουχ
502 2271 521 2307 ὁ
555 2273 632 2314 μὲν,
665 2271 684 2306 ὁ

45 2317 81 2352 δ’
107 2318 161 2353 οὔ.
209 2322 320 2364 Legg
357 2322 424 2353 XI.
458 2333 492 2364 p.
528 2321 607 2356 923.
639 2321 682 2353 Β.

47 2363 123 2408 ἡμῖν
145 2365 182 2399 δὲ
204 2369 280 2410 περὶ
306 2369 374 2400 τῶν
398 2366 507 2401 ἄλλων
522 2368 590 2399 τῶν
603 2364 682 2408 ὑμε-

46 2412 152 2453 τέρων
182 2413 332 2470 μελἾσει
366 2411 570 2458 κηδομένοις
600 2411 622 2446 ὅ
654 2425 682 2446 τι

45 2456 184 2497 μάλιστα
216 2471 259 2492 ου
283 2473 350 2493 των
373 2461 450 2501 μέν,
477 2462 545 2494 ταῖν
570 2456 598 2492 δ’
624 2458 681 2493 οὔ.

43 2505 275 2538 Locutionem
294 2506 423 2551 σάρκας
448 2506 606 2546 φύσαντα
631 2512 682 2539 te-

44 2553 124 2593 tigit
148 2552 367 2587 Matthiae,
390 2554 453 2587 Gr.
480 2554 606 2597 §.414
623 2554 679 2588 16.

94 2598 132 2630 P.
158 2597 238 2633 798.
287 2597 331 2631 τό
361 2612 404 2643 γε
435 2598 523 2633 κατ’
548 2597 682 2643 ἀρχὰς

46 2644 391 2690 συνταραχθεὶς]
458 2647 680 2690 Expectabas

46 2690 322 2732 συνταραχθὲντα
350 2698 384 2725 et
408 2690 640 2735 ἀπολαβόντα.

756 1857 975 1896 inferuntur,
999 1860 1146 1899 perinde
1175 1869 1216 1891 ac
1241 1861 1271 1891 si
1296 1870 1398 1900 prae—

755 1906 900 1936 cesserit
939 1915 1061 1945 supra:
1102 1903 1200 1942 meze,
1236 1904 1397 1949 καθάπερ

756 1957 806 1980 ns·
831 1947 1058 1991 ἀποβλέψειεν
1083 1963 1113 1982 κ.
1137 1962 1164 1983 τ.
1191 1952 1218 1983 λ.

803 1994 869 2029 οἷς
894 1995 970 2039 γὰρ
997 1994 1046 2028 ἂν
1070 1996 1310 2039 ἐντραφιῦσι
1333 1996 1397 2031 νό-

755 2045 878 2086 μοις]
912 2045 966 2076 De
990 2045 1198 2086 loquutione
1227 2056 1260 2077 v.
1285 2046 1397 2088 Wyt-

755 2092 867 2123 tenb.
905 2090 949 2123 ad
984 2091 1076 2122 mut.
1106 2092 1199 2124 Mor.
1236 2092 1279 2124 T.
1311 2091 1337 2125 Ι.
1361 2103 1395 2134 p.

755 2138 834 2172 210.
861 2143 896 2168 et
919 2138 964 2169 W
976 2148 1077 2169 urm.
1097 2137 1332 2171 Commentar.
1358 2140 1395 2172 in

752 2184 922 2216 Dinareh.
949 2195 982 2226 p.
1009 2184 1088 2218 135.
1135 2184 1229 2216 Dein
1255 2186 1395 2227 plenam

752 2231 911 2263 effeceris
939 2233 1134 2263 orationem
1160 2231 1302 2264 hunein
1318 2243 1393 2265 mo-

752 2274 852 2309 dum:
891 2277 944 2308 καὶ
986 2278 1025 2308 οἳ
1057 2274 1101 2310 ἂν
1136 2276 1267 2319 (νόμοι)
1309 2278 1394 2311 κατά

752 2334 825 2355 τινα
839 2324 878 2355 θ’.
894 2342 936 2348 -
952 2323 1128 2365 γένωνται,
1143 2335 1210 2357 usu
1223 2326 1393 2367 loquendi

750 2380 822 2402 non
845 2372 897 2402 ita
910 2381 1013 2409 raro3
1037 2382 1071 2403 v.
1089 2371 1311 2404 Matthiae
1326 2371 1389 2404 Gr.

751 2416 782 2458 ξ.
797 2415 876 2451 428.
891 2417 924 2449 b.
963 2416 1095 2450 Sensus
1121 2419 1215 2450 euim
1240 2418 1298 2450 hic
1321 2423 1391 2451 est:

750 2473 847 2495 nam
902 2463 941 2495 si
995 2464 1155 2506 quibus
1209 2465 1390 2506 legibus

751 2510 880 2550 quasi
912 2510 1127 2542 innutriti
1165 2515 1263 2543 sunt
1296 2521 1390 2544 eae-

750 2565 829 2597 que
860 2556 981 2597 leges
1015 2557 1171 2589 divina
1207 2558 1388 2599 quadam

749 2601 931 2634 fortuna
966 2602 1141 2644 longum
1178 2613 1255 2645 per
1288 2608 1387 2636 tem-

749 2649 872 2689 poris
903 2651 1094 2690 spatium
1127 2655 1387 2683 manserunt

748 2695 1067 2735 immutabiles,
1098 2695 1159 2728 ita
1187 2701 1238 2728 ut
1264 2706 1385 2730 nemo

1441 268 1479 310 E

1439 672 1525 714 798

1436 1213 1476 1255 Β
