1644 2886
482 89 653 132 LIBRI
697 87 771 133 SE
780 87 969 133 PTlMl.
1327 87 1408 128 245

47 205 295 250 moderator
335 204 582 247 accuratius
621 203 760 245 etiam·
806 202 953 245 nobis·
974 199 1269 244 instituendus
1323 205 1406 251 est,

44 278 181 319 quam
230 261 444 304 hactenus
503 260 598 303 fieri
647 259 792 316 potuit
822 259 881 313 ¹⁸).
924 283 977 292 -
1050 258 1112 300 Et
1156 256 1211 299 de
1263 255 1409 320 eboris

49 318 226 375 quidem
246 317 354 360 satis
375 317 565 360 diximus
595 324 739 370 antea,
761 330 896 371 quum
928 314 1284 366 ostenderemus,-
1312 327 1408 368 qur-

49 377 132 419 bus
171 374 435 418 carminibus
474 380 519 417 et
547 373 855 417 saltationibus
883 371 1094 415 utendum
1124 372 1196 414 sit.
1255 369 1409 424 Sequi-

50 440 122 475 tur
159 446 291 488 ergo,
330 436 380 473 ut
418 430 726 488 explicandum
766 429 824 472 sit
862 428 916 471 de
954 429 1197 485 scripturae
1250 440 1410 483 genere

50 489 241 531 numeris
270 503 359 530 non
388 487 623 542 adstricto,
659 485 714 528 de
742 486 864 543 lyrae
892 500 1002 539 usu,
1043 485 1097 527 de
1129 481 1410 540 compotandi

47 545 315 599 rationibus,
359 543 547 600 denique
577 543 639 586 de
661 543 989 585 astronomicis:
1022 556 1141 597 quae.
1164 539 1409 583 omniafvel

49 601 105 644 ad
142 601 303 644 bellum
342 601 412 643 vel
442 601 499 643 ad
537 616 679 643 rerum
719 599 1061 642 domesticarum·
1090 613 1239 640 curam
1270 596 1411 638 urbis*

48 673 133 714 que
164 657 585 700 administrationem
626 671 842 712 quemque
872 655 991 713 perci
1027 670 1098 697 ere
1129 654 1290 696 debere
1321 659 1408 696 sta-

47 715 210 758 tuimus
247 716 310 771 (p.
341 716 437 756 809.
469 714 519 756 Β.
550 739 605 745 --
637 714 735 755 809.
767 712 857 767 E).
888 737 944 744 —
995 672 1161 767 ¹itaque
1192 725 1301 766 puer
1322 710 1409 752 *de-

48 787 143 815 cem
187 785 326 813 annos
367 776 495 813 natus
536 785 615 826 per
645 769 878 811 triennium
915 770 1085 811 litteras
1116 774 1157 810 et
1187 768 1332 824 legere
1365 773 1411 808 et

47 829 228 885 pingere
267 826 426 870 discito
468 833 527 869 et·
551 841 668 869 anno
710 826 840 869 tertio
879 825 1049 868 decimo
1098 831 1252 867 exacto
1301 824 1408 865 item

47 900 126 942 per
170 884 404 927 triennium
450 884 571 941 lyrae
624 898 801 940 operam
854 882 973 925 dato.
1057 883 1126 924 Ac
1166 880 1227 923 de<
1278 894 1410 937 prosa

79 941 224 983 uidem
254 941 490 997 scriptione
520 941 685 997 pariter
713 947 846 995 atque
877 939 931 981 de
962 939 1229 982 carminibus
1257 943 1409 979 tenen-

46 957 151 1040 dum
192 1003 274 1051 est,
315 1013 404 1039 non
434 997 579 1039 omnia
626 997 875 1052 promiscue
926 996 1072 1052 pueris
1129 993 1410 1037 obtrudenda

45 1069 157 1097 esse.
187 1054 284 1096 Imo
301 1054 412 1095 falsa
427 1060 494 1096 est
515 1054 691 1096 omnino
707 1053 855 1110 opinio
873 1067 1037 1107 eorum,
1061 1052 1136 1107 qui
1155 1052 1210 1094 iis
1230 1057 1410 1094 censent

45 1126 177 1167 quam
207 1111 392 1167 plurima
419 1110 606 1167 legenda
637 1116 681 1151 et
709 1109 946 1153 ediscenda
976 1124 1094 1160 esse3
1129 1124 1263 1164 quum
1294 1108 1408 1150 enim

45 1168 285 1234 jeriptores
327 1174 371 1209 et
408 1169 567 1222 poetae
598 1166 979 1220 multahabeant,
1022 1181 1134 1222 quae
1166 1181 1192 1207 a
1226 1164 1408 1220 puerilis

47 1224 334 1268 institutionis
377 1224 547 1266 ratione
592 1224 680 1266 sint
718 1223 1005 1277 alienissima,
1045 1222 1174 1265 facile
1205 1227 1408 1278 apparet,

47 1282 174 1324 istam
213 1280 387 1337 legendi
427 1279 715 1336 cupiditatem
756 1280 903 1335 pueris
943 1294 1039 1323 esse
1067 1294 1278 1336 perquam
1308 1294 1409 1335 per-

47 1338 257 1380 niciosam
294 1338 366 1393 (p.
398 1338 495 1379 809.
525 1337 578 1378 Ε.
610 1363 664 1367 -
694 1338 789 1381 811.
834 1337 934 1392 Ε..)
967 1361 1020 1368 —
1093 1336 1260 1378 Verum
1302 1336 1411 1378 haec

46 1393 102 1436 de
126 1394 280 1436 litteris
303 1400 349 1435 et
379 1392 776 1450 grammatistarum
805 1408 954 1449 opera.
1006 1393 1235 1450 Pergimus
1259 1392 1315 1434 ad
1337 1408 1406 1446 ea,

45 1465 161 1506 quae
202 1466 228 1492 a
269 1450 506 1493 citharistis
545 1450 759 1491 tradenda
800 1457 916 1492 sunt.
980 1451 1137 1505 Itaque
1167 1450 1411 1492 litterarum

47 1506 195 1549 studio
225 1507 452 1562 absoluto,
493 1508 641 1562 pueris
673 1506 866 1549 citharae
899 1507 1069 1549 dabunt
1096 1522 1288 1562 operam.
1350 1506 1412 1548 Et

46 1570 203 1607 cantus
244 1563 423 1618 quidem
467 1579 556 1606 non
605 1564 678 1605 alii
725 1570 828 1606 sunt
867 1563 1066 1606 discendi
1105 1563 1191 1606 nisi
1231 1563 1288 1618 ii,
1334 1564 1410 1618 qui

47 1620 222 1676 probati
260 1620 423 1663 fuerint
461 1620 524 1662 rei
566 1620 734 1676 peritis.
794 1619 991 1662 Vitanda
1020 1620 1409 1675 praeterea—etiam

47 1677 312 1720 musicorum
355 1677 568 1731 artificia,
619 1692 731 1731 quae
774 1691 907 1731 quum
945 1677 1053 1719 nihil
1091 1675 1295 1719 utilitatis
1333 1677 1411 1718 ha-

47 1734 194 1788 beant,
224 1739 319 1775 tum
348 1740 484 1776 artem
516 1733 724 1776 musicam
756 1734 1082 1777 etiam'faciunt
1102 1733 1409 1787 difficiliorem,

47 1805 179 1846 quam
219 1796 267 1831 ut
303 1790 419 1832 intra
456 1790 692 1832 triennium
730 1790 912 1833 iuvenes
953 1791 1126 1846 possint
1165 1790 1210 1831 in
1250 1805 1302 1832 ea
1332 1790 1410 1831 ali-

48 1846 156 1901 quid
205 1846 417 1901 proficere
468 1847 588 1901 (811.
627 1846 680 1889 Ε.
711 1872 767 1878 --
798 1848 895 1889 813.
931 1848 1022 1901 A.).
1065 1871 1116 1877 —-
1187 1845 1410 1900 Quemad-

49 1901 226 1945 modum
266 1916 369 1944 vero
408 1901 463 1944 de
505 1902 694 1956 musica,
743 1903 808 1944 ita
846 1903 976 1944 etiam
1018 1902 1072 1944 de
1112 1902 1412 1958 gymnasticae

49 1957 274 2002 docendae
312 1958 483 2001 ratione
521 1974 609 2000 non
645 1959 800 2000 inutile
847 1959 930 2001 erit
978 1959 1050 2001 hic
1088 1958 1256 2013 aliquid
1294 1973 1410 2001 com·

49 2015 287 2068 monuisse,
327 2014 445 2070 quod
477 2029 647 2057 summo
686 2014 959 2058 educationis
985 2014 1251 2057 moderatori
1281 2030 1412 2058 curae

50 2071 262 2127 cordique
305 2087 403 2114 esse
442 2070 625 2124 debeat,
667 2078 716 2113 ut
758 2071 868 2114 adeo
906 2072 952 2113 in
982 2076 1106 2113 tanta
1134 2072 1412 2129 negotiorum

50 2128 328 2172 multitudine
373 2127 460 2184 ipsi
499 2128 631 2171 sociis
683 2142 843 2184 operae
892 2143 1006 2184 opus
1054 2128 1149 2170 sore
1197 2127 1410 2171 videatur.

50 2185 196 2227 Debet
223 2185 360 2242 igitur
387 2185 462 2226 ille
493 2199 646 2227 curare
675 2184 776 2238 hoc,
807 2190 858 2226 ut
885 2192 999 2227 artes
1040 2184 1248 2228 militares
1279 2191 1412 2240 atque

51 2242 278 2298 gymnicae
322 2256 472 2284 omnes
516 2242 562 2283 in
601 2241 842 2297 gymnasiis
886 2242 940 2284 ab
979 2240 1152 2284 idoneis
1188 2242 1411 2298 magistris

51 2297 291 2341 tradantur.
351 2298 647 2341 Instituantur
676 2312 781 2339 vero
820 2298 868 2340 in
897 2298 951 2341 iis
982 2298 1112 2341 etiam
1142 2298 1332 2354 puellae,
1362 2303 1414 2340 ut

51 2354 267 2409 mulieres,
297 2354 499 2398 hostibus
529 2352 866 2408 invadentibus,
898 2354 1050 2397 urbem
1077 2354 1192 2397 tueri
1221 2368 1413 2409 suosque

53 2408 311 2465 defendere,
362 2426 440 2466 ac,
492 2411 529 2454 si
579 2409 754 2466 quando
794 2411 1033 2454 necessitas
1069 2426 1150 2467 pro
1186 2411 1295 2453 urbe
1332 2425 1414 2466 pu-

53 2465 216 2522 gnandi
262 2467 491 2523 inciderit,
543 2468 713 2510 hostem
753 2481 840 2509 una
882 2482 980 2511 cum
1016 2467 1121 2512 viris
1161 2466 1322 2510 adoriri
1362 2481 1414 2509 ac

122 2645 156 2684 ')
182 2645 325 2679 Factum
351 2651 404 2680 est
427 2650 493 2681 iam
524 2650 633 2681 Libro
663 2651 724 2681 VI.
