1644 2886
519 99 683 142 LIBRI
729 97 966 152 QUINTI.
1356 88 1405 135 '5

60 218 299 269 animorum
337 214 588 267 affectione,
631 228 742 268 quae
779 213 822 254 in
870 213 999 254 rebus
1055 211 1214 254 divinis
1262 211 1406 254 locum

61 275 218 318 habere
257 273 424 316 debeat.
492 270 663 325 Quibus
705 269 930 326 subiungit
974 268 1130 312 deinde
1161 269 1289 311 etiam
1324 268 1408 310 alia

61 331 232 374 virtutis
278 336 533 387 praecepta,
575 344 711 384 quae,
752 328 884 369 sicuti
918 327 1014 383 ipse
1045 326 1108 369 ait
1133 342 1175 383 p.
1206 327 1304 369 732.
1335 326 1405 380 E„

61 389 118 432 ad
156 389 343 431 humana
382 388 650 439 referantur,
686 385 770 427 hoc
800 392 881 439 est,
912 385 1093 441 propius
1122 383 1177 425 ad
1207 390 1405 426 naturam

62 447 290 489 humanam
321 445 577 502 pertineant.
638 443 800 485 Censet
830 442 943 484 enim
983 441 1196 484 humanae
1226 447 1406 483 nat-urae

62 504 282 560 proprium
323 517 418 545 esse
452 501 559 553 hoc,
601 507 650 542 ut
695 499 993 556 voluptatibus
1033 506 1078 541 et
1107 498 1331 541 doloribus
1362 507 1408 541 et

62 561 373 618 cupiditatibus
398 564 644 610 moveatur,
677 572 730 598 ex
760 557 918 611 quibus
950 572 1075 598 omne
1105 555 1263 598 animal
1293 572 1406 613 mor·-

61 618 147 660 tale
176 618 300 672 quasi
331 624 480 673 aptum
512 616 569 656 sit
593 623 724 669 atque
754 628 1026 670 suspensum.
1087 612 1159 655 Ad
1190 629 1406 656 commen-

62 675 248 718 dandam
298 674 432 732 igitur
475 673 592 714 vitae
641 672 909 713 honestatem
957 678 1088 726 atque
1144 671 1407 726 probitatem

63 734 293 790 plurimum
332 730 475 773 valere
505 729 739 771 arbitratur
775 727 1012 770 identidem
1066 728 1230 770 moneri
1274 734 1406 784 atque

62 789 284 844 inculcari,
315 804 408 830 eam
428 802 514 829 non
535 786 663 828 modo
687 800 766 841 per
796 800 842 827 se
874 800 968 827 esse
995 785 1177 826 maxime
1206 784 1404 828 laudabi-

62 848 160 902 lem,
182 846 258 890 sed
281 846 409 888 etiam
434 844 532 902 plus
559 843 737 887 iucundi
760 858 888 898 quam
908 842 1134 884 iniucundi
1153 842 1406 885 adiunctum

62 904 235 949 habere.
293 901 425 957 Quod
463 901 638 957 quidem
666 915 818 943 revera
847 900 908 942 ita
938 915 1059 954 esse,
1101 901 1242 955 ipsam
1272 901 1406 942 ratio—

65 977 161 1004 nem
200 960 412 1004 evincere.
479 959 653 1001 Etenim
683 958 720 1001 si
750 957 942 1000 dolorem
971 965 1015 1000 et
1041 958 1311 1014 voluptatem
1340 958 1405 1000 in-

64 1026 131 1062 ter
159 1035 205 1062 se
233 1031 549 1074 comparemus,
582 1017 773 1058 futurum
803 1029 914 1070 esse,
946 1021 996 1057 ut
1023 1011 1157 1058 tritam
1187 1014 1405 1073 intelliga-

63 1091 159 1120 mus
189 1091 241 1118 eo
268 1074 623 1131 praestantiorem
652 1071 852 1125 iudicari,
884 1088 969 1127 quo
999 1072 1140 1115 minus
1172 1072 1334 1115 doloris
1364 1079 1408 1114 et

67 1149 156 1189 quo
193 1133 292 1188 plus
334 1130 570 1186 voluptatis
608 1130 809 1171 habeat„
847 1129 941 1171 Iam
978 1144 1083 1172 vero
1133 1146 1186 1172 ex
1231 1129 1407 1172 vivendi

67 1190 335 1241 rationibus,
385 1202 493 1242 quas
540 1185 715 1242 quidem
751 1185 887 1227 libera
922 1186 1145 1229 voluntate
1186 1188 1407 1244 suscipere

70 1246 299 1303 possimus,
329 1245 405 1286 has
437 1251 621 1298 quatuor
648 1254 895 1300 suppetere,
926 1250 977 1286 ut
1008 1250 1320 1300 temperanter,
1359 1256 1408 1287 ut

71 1303 330 1360 prudenter,
371 1307 421 1343 ut
450 1301 643 1354 fortiter,
684 1300 871 1355 denique
902 1307 951 1343 ut
980 1301 1076 1342 sani
1106 1302 1302 1357 beneque
1332 1317 1406 1345 va—

68 1362 204 1405 lentes
233 1359 378 1402 vivere
409 1359 645 1414 cupiamus.
705 1358 935 1400 Praestare
967 1364 1109 1400 autem
1136 1359 1270 1409 vitam
1300 1367 1407 1403 tem-

69 1423 304 1474 perantem,
337 1414 607 1471 prudentem,
637 1416 801 1462 fortem,
820 1422 864 1456 et
891 1430 1040 1458 sanam
1064 1416 1179 1458 omni
1200 1431 1254 1458 ex
1283 1423 1406 1473 parte

67 1475 182 1517 vitae
219 1473 542 1529 intemperanti,
573 1471 861 1529 imprudenti,
901 1473 1087 1529 ignavae
1117 1480 1159 1515 et
1186 1468 1402 1532 akgrotae.

70 1533 137 1574 Ex
177 1547 262 1587 quo
293 1531 502 1584 consequi
540 1529 794 1583 arbitratur,
833 1536 884 1572 ut
919 1530 1010 1571 vita
1056 1530 1238 1573 honesta
1264 1537 1406 1587 *atque

68 1590 181 1632 bona
211 1588 339 1631 etiam
379 1587 476 1643 plus
504 1586 684 1629 iucundi
715 1602 843 1642 quam
874 1587 964 1629 vita
1007 1587 1205 1643 improba.
1245 1588 1404 1631 habere

66 1644 352 1689 existimanda
381 1645 438 1688 sit
469 1644 530 1700 (p.
565 1646 656 1687 7392.
686 1643 739 1686 Ε.
769 1669 823 1674 -
854 1645 949 1687 734.
980 1644 1039 1687 D.
1071 1646 1214 1700 extu).
1238 1672 1291 1677 —

179 1703 240 1745 Et
268 1702 375 1744 haec
405 1702 579 1756 quidem
609 1708 734 1755 sunt,
766 1717 878 1756 quae
910 1700 962 1743 de
991 1701 1138 1759 legum
1165 1704 1332 1746 caussis
1363 1710 1407 1745 et

62 1760 309 1802 rationibus
342 1766 604 1814 perorantur
643 1770 774 1814 atque
803 1759 1123 1814 prooemiorum
1151 1767 1407 1818 argumenta

67 1815 451 1872 comprehendunt.
509 1815 681 1869 Quibus
723 1815 935 1871 expositis
964 1815 1066 1859 inde
1096 1832 1122 1859 a
1151 1833 1191 1873 p.
1224 1820 1320 1862 735.
1353 1817 1406 1860 Ε.

70 1873 125 1915 de
160 1872 330 1929 legibus
368 1873 474 1927 ipsis
503 1873 737 1928 suscipitur
775 1873 1027 1929 disputatio.
1086 1874 1282 1928 Quarum
1312 1875 1408 1930 qui-

71 1929 168 1973 dem
209 1929 532 1973 scribendarum
569 1929 680 1971 ratio
718 1928 863 1971 iudice
904 1929 1086 1979 Platone
1125 1930 1285 1988 duplex
1315 1947 1407 1974 mu-

70 2001 152 2028 nus
182 1992 226 2028 et
256 1985 447 2028 officium
476 1985 790 2040 complectitur.
848 1985 963 2028 Nam
994 1987 1131 2030 sicubi
1160 1988 1206 2030 in
1235 1995 1409 2031 textura

70 2050 115 2086 et
151 2042 334 2085 stamine
372 2049 418 2099 et
457 2042 699 2085 subtemine
739 2057 847 2099 opus
878 2050 967 2098 est,
998 2044 1060 2085 ita
1087 2045 1274 2089 civitatis
1304 2061 1407 2088 con-

70 2099 238 2142 stitutio
268 2099 482 2157 postulat,
525 2106 575 2141 ut
602 2106 646 2141 et
674 2100 952 2154 magistratus
983 2100 1244 2158 deligantur,
1274 2118 1407 2159 penes

72 2171 180 2212 quos
210 2157 267 2199 sit
295 2173 436 2199 rerum
465 2156 654 2198 civilium
678 2163 888 2212 potestas,
919 2165 964 2200 et
992 2157 1110 2215 leges
1145 2160 1405 2215 scribantur,

72 2212 308 2257 secundum
347 2229 456 2269 quas
494 2213 556 2267 illi
586 2213 893 2270 rempublicam
923 2216 1166 2272 gubernent
1195 2224 1241 2260 et
1270 2217 1406 2260 admi-

71 2271 273 2322 nistrent.
325 2271 492 2314 Verum
522 2271 774 2327 priusquam
812 2270 868 2314 ad
897 2272 1003 2316 haec
1031 2274 1127 2330 ipsa
1155 2274 1403 2329 accedatur,

55 2328 278 2373 .nonnulla
311 2328 643 2385 praemittuntur
679 2328 723 2370 in
751 2327 833 2371 hoc
863 2329 974 2372 libro
1003 2329 1057 2373 de
1087 2331 1246 2374 civium
1276 2333 1405 2374 mori-

73 2385 176 2439 11118,
215 2384 269 2428 de
307 2384 542 2428 eorundem
579 2400 782 2439 numero,
830 2385 883 2428 de
921 2402 1121 2445 agrorum
1177 2388 1405 2443 divisione,

75 2440 213 2497 deque
249 2442 344 2485 aliis
374 2443 502 2485 rebus
531 2441 817 2496 quibusdam,
844 2443 1003 2499 vquibus
1030 2451 1237 2501 tanquam
1267 2446 1405 2488 fundo

76 2497 214 2540 omnis
239 2498 381 2556 legum
411 2500 589 2555 scriptio
624 2500 749 2542 inniti
779 2499 947 2543 debeat.
1006 2502 1087 2545 De>
1115 2503 1274 2559 quibus
1314 2519 1404 2545 om-

77 2554 204 2596 nibus
234 2554 353 2599 haec·
368 2557 457 2600 fere
489 2557 774 2600 disseruntur.

166 2611 352 2668 Primum
376 2614 567 2657 ostendit
588 2614 882 2669 Atheniensis,
909 2616 951 2658 in
975 2632 1088 2659 nova
1108 2616 1284 2659 civitate
1305 2631 1405 2658 con-

75 2666 217 2710 denda
246 2667 492 2726 diligentem
524 2671 736 2715 delectum
767 2671 916 2715 haberi
949 2681 1145 2730 oportere
1165 2674 1406 2716 futurorum
