1644 2886
491 74 663 118 LIBRI
704 73 980 117 SEPTIMI.
1333 74 1412 114 241

58 192 244 239 sublatis
284 197 402 234 certe
443 206 531 234 non
573 190 886 242 estiuturum,
927 193 977 230 ut
1007 202 1058 231 ea
1087 187 1214 230 firma
1244 200 1296 229 ac
1325 195 1415 230 sta—

58 249 156 293 bilis
186 248 347 291 existat
385 249 451 306 (p.
483 248 580 290 793.
612 248 669 290 A.
702 272 750 277 ——
786 245 882 301 D.).
911 270 966 277 —
1026 243 1118 289 Sed
1146 249 1416 287 revertamur

57 305 114 349 ad
151 305 455 348 educationem
494 318 742 363 puerorum.
812 302 940 357 Quae
969 302 1104 401 igitur
1132 301 1282 358 paullo
1312 307 1413 343 ante

57 362 273 417 diximus,
313 377 366 404 ea
405 368 523 405 certe
560 359 729 404 iuvabit
766 374 907 415 usque
957 373 983 401 a
1052 361 1232 402 tertium
1277 358 1413 400 ferme

55 435 218 462 annum
248 419 404 462 aetatis
432 419 479 462 in
516 419 569 462 iis
598 416 842 460 nutriendis
872 415 1202 471 educendisque
1230 414 1414 472 diligen-

53 483 121 519 ter
160 476 417 522 observasse
459 491 511 518 ac
549 475 758 518 tenuisse.
836 473 931 515 Iam
978 488 1084 515 vero
1122 472 1225 515 inde
1263 472 1318 515 ab
1360 486 1413 514 eo

53 540 250 589 tempore
290 547 431 588 usque
473 531 530 574 ad
551 578 553 580 ,
575 537 746 575 sextum
788 530 944 573 aetatis
988 544 1149 571 annum
1186 529 1309 572 lusus
1356 528 1411 571 ab

52 590 105 633 iis
144 590 443 632 instituantur.
513 588 734 643 Quocirca
773 588 900 644 pueri
938 601 989 629 ac
1030 585 1204 642 puellae
1244 586 1290 627 in
1331 600 1412 628 suo

53 646 215 703 quique
246 647 345 689 vico
375 645 718 704 congrediantur
746 645 861 687 inter
891 659 938 686 se
967 642 1266 694 colludente83
1300 656 1412 698 quos

51 703 228 759 quidem
267 703 388 746 lusus
429 702 680 746 moderetur
724 701 880 744 mulier
918 700 1090 757 aliqua,
1133 715 1187 742 ex
1225 699 1411 756 singulis

50 760 249 804 tribubus
289 745 348 802 ad
384 759 430 801 id
469 760 636 816 negotii
679 757 874 811 delecta,
918 772 1030 813 quae
1068 757 1172 799 item
1213 756 1409 799 nutrices

51 818 255 872 observet
293 831 456 872 easque
495 816 644 859 officia
683 830 762 858 sua
812 814 1046 857 admoneat
1087 813 1409 871 immorigeras-

51 889 135 930 que
174 874 330 930 puniat
360 874 423 930 (p.
455 875 550 916 793.
582 873 636 916 Ε.
665 897 720 903 -
752 874 848 916 794.
880 871 970 926 Β.).
1004 895 1058 902 -
1127 870 1218 914 Sed
1253 875 1408 913 exacto

47 938 172 974 sexto
211 931 368 973 aetatis
407 945 522 973 anno
563 930 757 972 severior
783 929 954 971 initium
986 927 1133 985 capiat
1162 927 1408 984 disciplina.

49 988 162 1030 Tum
191 988 305 1030 enim
344 988 468 1044 pueri
497 1002 523 1029 a
551 987 710 1044 puellis
741 991 1054 1043 segregentur,
1090 984 1409 1040 tradanturque

47 1045 268 1100 magistris
309 1059 360 1087 eo
400 1044 607 1096 consilio,
639 1049 687 1086 ut
723 1043 769 1085 in
801 1041 1065 1098 equitando,
1096 1041 1313 1095 vehendo,
1345 1042 1409 1083 ia-

47 1101 251 1156 culando,
283 1101 471 1156 denique
503 1101 634 1143 armis
671 1099 916 1142 tractandis
946 1099 1231 1142 instituantur
1260 1105 1304 1141 et
1332 1114 1408 1141 ex—

46 1164 287 1201 erceantur.
373 1157 570 1211 Quarum
630 1157 807 1212 quidem
855 1171 999 1199 rerum
1053 1156 1212 1198 notitia
1258 1155 1408 1212 aliqua

46 1216 177 1258 etiam
215 1214 385 1272 puellae
424 1215 688 1258 imbuantur.
763 1213 818 1256 In
866 1213 983 1256 omni
1022 1218 1169 1255 autem
1207 1212 1292 1255 hoc
1331 1228 1408 1255 ne-

46 1273 169 1329 gotio
200 1271 412 1328 imprimis
442 1271 550 1313 illud
582 1270 873 1327 spectandum
905 1277 998 1324 est,
1033 1269 1152 1325 quod
1183 1269 1293 1326 proh
1327 1269 1405 1310 do·

45 1329 125 1382 lor,
149 1329 236 1371 iam
273 1328 401 1371 nimis
440 1328 700 1426 negliffitur,
754 1333 804 1369 ut
842 1341 991 1369 omnes
1042 1332 1228 1382 utraque
1275 1341 1407 1369 manu

44 1385 152 1427 fiant
193 1385 330 1442 agiles
370 1400 512 1441 neque
584 1391 733 1427 extera
771 1390 942 1426 tantum
983 1389 1164 1426 utantur
1201 1384 1263 1440 (p.
1306 1385 1404 1428 794.

44 1440 96 1485 C.
127 1467 182 1472 —-
214 1442 309 1484 795.
341 1442 444 1496 D.).
483 1467 528 1472 -
600 1441 716 1485 Sunt
756 1456 859 1483 vero
899 1446 1030 1495 artes,
1062 1441 1222 1497 quibus
1252 1441 1404 1484 iuven-

41 1504 177 1541 tutem
209 1498 420 1556 impertiri
451 1499 519 1541 fas
549 1506 631 1553 est,
662 1498 850 1555 duplicis
883 1498 1080 1554 generis,
1112 1498 1404 1555 gymnastica,

44 1570 156 1610 quae
197 1555 252 1597 ad
292 1570 452 1610 corpus
484 1561 679 1611 spectat,
717 1561 762 1597 et
791 1556 981 1608 musica,
1030 1569 1141 1610 quae
1189 1554 1307 1596 valet
1348 1554 1404 1597 ad

41 1612 202 1654 bonum
258 1611 390 1654 animi
449 1612 644 1655 habitum
703 1611 995 1654 efficiendum.
1086 1610 1402 1667 Gymnasticae

42 1684 192 1712 rursus
235 1668 347 1711 duae
379 1675 482 1711 sunt
544 1676 676 1722 artes,
710 1669 886 1712 saltatio
918 1668 1070 1722 altera,
1102 1668 1240 1710 altera
1269 1669 1402 1710 lucta.

41 1725 102 1768 Et
139 1725 383 1768 saltationis
421 1685 598 1781 quidem
630 1726 764 1769 altera
794 1741 896 1782 pars
926 1725 1169 1767 imitatione
1197 1726 1404 1781 exprimit

41 1781 277 1826 dictionem
307 1783 545 1839 poeticam,
587 1784 649 1824 ita
685 1789 736 1825 ut
762 1783 893 1825 simul
924 1787 1124 1825 servetur
1148 1780 1402 1825 ‘liberalitas

41 1844 86 1881 et
126 1839 452 1895 magnificentia
489 1838 704 1894 quaedam
750 1839 908 1881 mentis
950 1844 994 1880 et
1035 1838 1224 1894 ingenii3
1265 1839 1403 1882 altera

41 1901 214 1952 spectat
235 1895 290 1937 ad
321 1896 482 1938 bonum
515 1896 710 1948 corporis
739 1895 954 1947 habitum,
986 1895 1279 1938 membrorum
1308 1895 1402 1952 agi-

35 1952 203 1994 litatem
242 1958 286 1994 et
323 1951 538 1994 decorem.
596 1951 672 1994 Ad
707 1951 871 1994 luctam
900 1956 1048 1993 autem
1078 1950 1196 2006 quod
1226 1952 1401 2006 attinet,

11 2008 15 2011 ’
39 2015 144 2052 sunt
175 2008 352 2065 quidem
381 2009 426 2051 in
454 2024 506 2051 ea
536 2007 766 2066 quaedam,
799 2023 911 2063 quae
943 2007 1149 2063 quoniam
1179 2007 1287 2053 nihil
1314 2008 1401 2050 uti-

38 2065 175 2109 litatis
216 2065 273 2107 ad
312 2080 439 2108 usum
479 2065 583 2109 belli
626 2065 882 2118 conferunt,
934 2064 1006 2107 hic
1054 2079 1143 2107 non
1192 2065 1402 2108 videntur

0 2162 5 2171 ,
37 2122 264 2165 memorari
295 2128 523 2179 oportere,
557 2122 694 2166 veluti
724 2136 835 2178 quae
864 2123 1066 2165 Antaeus
1096 2121 1166 2164 vel
1196 2121 1401 2183 Cercyon

39 2185 85 2221 et
115 2180 311 2236 Amycus
342 2180 388 2221 in
418 2179 586 2224 artibus
618 2179 709 2221 suis
741 2179 1078 2222 constituerunt.
1139 2177 1266 2232 Quae
1293 2195 1398 2222 vero

36 2235 82 2278 in
110 2242 230 2278 recta
257 2236 377 2279 lucta
407 2246 679 2290 exercentur,
710 2250 776 2290 ea,
809 2235 984 2292 quando
1014 2235 1121 2278 illuc
1149 2236 1195 2279 in
1223 2236 1398 2294 legibus

36 2291 277 2336 scribendis
300 2293 433 2335 delati
463 2295 639 2347 erimus,
673 2308 804 2348 quum
831 2292 1061 2348 discipulis
1081 2298 1174 2335 tum
1206 2293 1397 2336 doctori-

37 2348 119 2391 bus
157 2349 417 2404 exponenda
458 2356 500 2394 et
547 2349 888 2407 praescribenda
935 2355 1075 2391 erunt.
1153 2350 1254 2392 Nec
1291 2365 1396 2392 vero

38 2405 302 2448 omittendae
338 2413 443 2450 sunt
481 2407 711 2450 chororum
750 2406 1037 2460 imitationes,
1076 2421 1189 2462 quae
1220 2405 1396 2461 quidem

40 2462 314 2504 conveniant.
385 2463 550 2517 Quales
590 2472 694 2506 sunt
723 2463 768 2504 in
799 2461 931 2504 Creta
962 2461 1174 2506 Curetum
1203 2462 1297 2505 ludi
1328 2478 1396 2506 ar-

38 2517 164 2570 mati,
206 2517 540 2563 Lacedaemone
584 2520 678 2563 ludi
707 2520 752 2561 in
782 2517 980 2561 Castoris
1020 2526 1065 2561 et
1096 2519 1287 2562 Pollucis
1316 2519 1396 2562 ho-

40 2587 186 2616 norem
235 2574 434 2620 instituti.
513 2578 573 2620 Et
624 2576 896 2619 Athenarum
966 2590 1141 2631 quoque
1208 2581 1396 2631 patrona

40 2627 222 2672 choreae
252 2629 365 2674 ludis
395 2632 613 2686 delectata
654 2632 781 2675 nudis
821 2631 1021 2674 manibus
1063 2648 1151 2674 non
1192 2647 1289 2675 esse
1327 2632 1393 2675 lu-

106 2698 192 2730 mat.
222 2698 311 2740 Opp.
341 2700 419 2734 Vol,
447 2701 487 2733 X.
515 2703 607 2736 Soet,
638 2704 674 2734 ll.
1071 2702 1119 2743 1ss
