1644 2886
268 109 346 149 234
750 73 1123 147 PLAT'ONIS

268 217 440 279 φυλακὴ
478 221 562 262 τῶν
585 221 1010 298 παιδοποιουμένων
1031 221 1186 268 δεκέτις
1218 223 1337 269 ἔστω,
1357 218 1428 274 μὴ
1459 221 1584 261 πλείω

270 290 315 330 δὲ
343 284 529 342 χρόνον,
571 282 682 327 ὅταν
717 281 863 342 εὔροια
897 279 922 346 ’ἦ
958 288 1035 340 τῆς
1067 290 1277 339 γενέσεως.
1311 280 1369 327 ἀν
1405 286 1448 327 δὲ
1482 281 1588 338 ἄγο-

270 357 338 397 νοί
372 367 484 400 τινες
517 354 575 400 εὶς
607 352 766 394 τοῦτον
797 355 1025 407 9ίγνωνται
1055 351 1132 393 τὸν
1148 348 1324 406 χρόνον,
1356 348 1462 406 μετὰ
1502 351 1587 392 τῶν

271 421 435 461 οἰκείων
470 418 543 459 καὶ
575 415 803 473 ἀρχουσῶν
836 419 1052 471 γυναικῶν
1093 416 1434 471 διαζεύγνυσθαι
1468 416 1587 473 κοινῇ

270 486 609 539 βουλευομένους
652 487 710 532 εἰς
757 481 811 525 τὰ
867 484 1097 542 πράςφορα
1142 487 1371 539 ἑκατέροις.
1422 482 1500 524 ὲαν
1544 479 1583 523 δ’

270 547 590 608 ἀμφιςβήτησίς
632 565 695 598 τις
736 553 935 604 γίγνηται
979 551 1076 603 περὶ
1119 550 1206 590 τῶν
1240 552 1456 602 ἑκατέροις
1490 563 1588 601 πρε-

273 615 444 659 πόντων
479 618 550 657 aaz
585 615 856 672 προςφόρων,
892 618 990 659 δέκα
1028 615 1115 656 τῶν
1144 614 1463 673 νομοᾳυλάκων
1498 616 1588 656 ἑλο-

271 687 446 737 μένους,
497 678 562 730 οἶς
604 679 662 724 ἂν
704 685 992 741 ἐπιτρέψωσιν
1031 683 1120 724 οἵδε
1154 683 1225 723 καὶ
1262 680 1443 735 τάξωσι,
1490 677 1590 722 τού-

274 765 364 798 τοις
405 751 611 802 ὲμμένειν.
659 749 865 797 εὶςιοῦσαι
911 752 969 798 εἰς
1003 745 1083 796 τὰς
1115 749 1254 797 οἰκίας
1285 748 1373 790 τῶν
1405 750 1510 788 νέων
1545 747 1592 787 αἱ

273 822 493 868 γυναῖκες,
530 811 583 855 τὰ
620 815 701 868 μὲν
735 815 1060 864 νουθετοῦσαι,
1109 811 1161 854 τὰ
1203 815 1247 854 δὲ
1280 815 1350 855 καὶ
1387 811 1590 854 ἀπειλοῦ·

272 897 344 924 σαι
389 878 621 923 παυόντων
667 878 832 930 αὐτοὺς
875 882 952 932 τῆς
997 877 1214 934 ἁμαρτίας
1258 881 1330 921 καὶ
1371 877 1590 934 ἀμαθίας.

1145 1002 1181 1036 Ω.
1215 1006 1237 1016 ’“
1278 1005 1300 1037 f.
1337 1006 1366 1038 h.
1392 1015 1419 1037 r.
1445 1015 1477 1037 a.
1504 1014 1533 1036 c.
1559 1003 1590 1035 δ.

500 1077 507 1083 .
532 1062 619 1084 corr.
647 1058 824 1094 praeterea
850 1058 904 1086 est
928 1049 1397 1088 rdeov02.Wincke1mannus
1419 1049 1506 1083 coni.
1524 1048 1591 1080 ἑλο-

364 1008 493 1084 0.ΑΙ
452 1006 541 1039 οἱδε
572 1008 641 1038 καὶ
677 1005 744 1040 ια’
733 1007 847 1050 ἲ”“ωσι.]
881 1007 935 1039 καὶ
966 1017 1033 1039 om.
1071 1008 1109 1037 Α.

274 1067 303 1086 0.
329 1064 361 1086 Χ·
424 1063 442 1085 n

318 1164 479 1198 δεκέτις
502 1162 619 1204 ἔστω]
649 1163 773 1205 Viginti
795 1173 903 1196 annos

274 1211 388 1244 liberis
425 1209 649 1251 procreandis
686 1208 903 1251 philosophus

276 1256 423 1289 destinat
449 1256 499 1287 De
525 1255 611 1295 Rep.
641 1254 677 1286 V.
704 1265 735 1296 p.
761 1254 839 1289 460.
863 1253 901 1286 Ε.

276 1301 365 1334 unde
390 1301 547 1333 Astius
562 1300 618 1332 De
636 1300 709 1332 Vita
727 1305 762 1332 et
781 1299 903 1341 Script-

276 1347 364 1379 Plat.
390 1358 421 1389 p.
438 1345 515 1381 386.
543 1349 778 1386 argumentum
805 1354 902 1386 repe-

276 1393 345 1432 tiit,
384 1402 451 1433 quo
488 1390 619 1432 Legum
663 1391 901 1431 anctoritatem

277 1438 512 1470 tabefactnret.
566 1436 604 1467 In
641 1446 707 1477 quo
747 1437 802 1468 ille
837 1445 903 1467 non
971 1435 1032 1466 Gr.
1062 1433 1092 1474 ξ.
1117 1433 1196 1467 286.

239 1514 240 1517 ,
278 1483 464 1524 reputavit,
517 1481 615 1513 anam
666 1491 744 1514 esne
791 1480 902 1521 oper1s
1018 1501 1045 1533 D

279 1529 409 1570 Legum
434 1528 620 1565 rationem,
647 1526 747 1558 aliam
774 1525 903 1566 Reipu-

971 1167 1012 1195 et
1059 1162 1388 1202 constituerint,
1434 1160 1491 1192 iis
1529 1169 1590 1191 ae-

969 1207 1246 1249 quiescunto.
1310 1207 1374 1239 Est
1412 1206 1499 1238 euim
1543 1200 1595 1235 οἷς

970 1257 1090 1285 neutro
1120 1262 1245 1294 genere
1277 1253 1426 1294 positum
1461 1261 1520 1293 per
1544 1253 1593 1282 at-

969 1299 1170 1330 tractionem
1213 1297 1257 1330 ob
1296 1298 1475 1338 insequens
1516 1293 1594 1327 τού-

970 1351 1058 1380 τοις
1095 1343 1136 1374 ad
1166 1341 1256 1382 quod
1296 1341 1453 1375 refertur.
1512 1340 1594 1373 Mox

970 1388 1014 1421 de
1045 1385 1103 1419 τὸν
1134 1387 1188 1418 καὶ
1224 1386 1283 1419 τὸν
1318 1397 1348 1419 v.
1381 1385 1595 1418 Matthiae

1051 1511 1160 1542 ,μη
1201 1496 1308 1531 ἑλών
1344 1496 1445 1531 ἐνδ.
1476 1508 1502 1530 τ.
1533 1495 1593 1538 ἐγ-

973 1545 1236 1588 γράψαντας]
1262 1544 1340 1576 nisi
1365 1544 1404 1575 in
1431 1541 1596 1575 iudicio

277 1574 401 1606 biicae.
449 1572 538 1604 Nam
586 1572 618 1602 in
666 1581 705 1603 ea
754 1571 905 1609 civitate,

277 1629 378 1660 quum
403 1618 434 1649 in
460 1616 591 1658 Legum
625 1625 731 1657 opere
754 1615 906 1648 condidit

279 1661 515 1706 philosophus,
541 1664 677 1693 cautum
695 1662 800 1692 voluit
814 1670 903 1698 esse,

279 1720 322 1742 ne
357 1717 516 1740 numerus
547 1706 669 1738 civium
711 1707 799 1738 ultra
831 1715 905 1737 rno-

280 1755 358 1787 dum
385 1753 635 1794 adaugeretur:
658 1761 722 1792 qua
748 1751 905 1783 cautione

281 1804 372 1833 certe
401 1808 469 1830 non
501 1807 589 1839 opus
624 1797 685 1828 fuit
714 1796 745 1828 in
779 1797 907 1837 optima

280 1845 431 1883 civitate,
455 1843 487 1874 in
511 1853 575 1884 qua
603 1841 696 1874 liberi
710 1850 908 1873 communes

282 1893 397 1923 essent
418 1889 566 1921 omnium
582 1888 713 1918 civium.
727 1887 825 1920 .conf.
844 1886 905 1918 eti-

282 1946 335 1969 am
377 1934 467 1967 Libr.
500 1933 565 1965 XI.
598 1943 629 1974 p.
661 1932 739 1967 930.
773 1932 810 1966 C.
851 1931 908 1964 ubi

284 1981 367 2014 satis
392 1990 470 2012 esse
486 1978 666 2015 iudicatum·
687 1978 714 2009 si
731 1978 804 2018 quis
823 1976 910 2008 duos

285 2030 413 2059 tantum
454 2025 578 2058 liberos
616 2034 656 2056 ex
696 2023 911 2055 matrimonio

285 2071 483 2112 susceperit.
539 2068 595 2100 Ad
633 2069 783 2111 proxima
820 2067 911 2099 conf.

286 2117 378 2149 libr.
413 2116 451 2148 V.
485 2125 520 2171 p.
544 2113 622 2148 740.
649 2115 692 2145 D:
728 2111 912 2160 ἐπισχέσεις

287 2161 458 2204 γενέσεως,
482 2156 534 2192 occ
558 2157 600 2191 ἄν
615 2157 742 2201 εὔρους
766 2161 785 2199 ᾗ
812 2155 832 2200 ἦ
857 2157 910 2200 γε’,

288 2215 388 2239 rems.

333 2270 429 2313 μετὰ
455 2273 534 2304 τῶν
563 2271 732 2304 οἰκείων
759 2290 798 2294 -
825 2270 910 2302 ἑκα-

292 2317 451 2361 τέροις]
483 2317 716 2351 divortium
753 2315 909 2348 faciun-

291 2370 351 2404 ιο,
397 2373 486 2396 cum
534 2361 829 2396 famiiiaribus
872 2364 913 2394 et

293 2409 553 2443 mulieribus
599 2406 838 2450 praefectis
873 2407 911 2438 in

294 2464 518 2488 commune
551 2453 910 2490 consulentes,

293 2500 392 2542 quid
419 2500 618 2540 utrisque
644 2496 859 2539 expediat.

339 2569 377 2598 C.
433 2563 495 2599 οἷς
538 2562 587 2597 ἄν
628 2563 914 2605 ἐπιτρέψωσιν

295 2631 335 2637 —-—
362 2611 577 2653 ἐμμένειν]
599 2611 656 2652 ἿΗ.
682 2621 711 2642 e.
739 2607 760 2640 ἃ
786 2606 827 2640 ἂν
852 2608 914 2642 ἐπ..

299 2668 405 2698 quae
437 2658 478 2689 hi
505 2657 607 2700 ipsis
633 2655 915 2697 permiserint

972 1591 1218 1623 convicerit
1250 1594 1292 1622 et
1320 1587 1598 1630 redarguerit

973 1646 1068 1676 eos,
1103 1635 1176 1676 qui
1210 1644 1358 1666 nomen
1389 1634 1530 1675 ipsius
1555 1633 1596 1664 in

973 1682 1149 1713 tabulas
1195 1679 1386 1722 publicas
1440 1678 1596 1710 retule—

974 1732 1077 1758 runt.
1141 1726 1224 1756 Dein
1266 1722 1369 1755 τῶνδε
1406 1733 1446 1755 ex
1482 1721 1598 1762 ἄτιμος

972 1771 1213 1813 suspenditur,
1245 1774 1345 1811 atque
1374 1769 1416 1800 ad
1442 1769 1599 1810 proxima

973 1816 1189 1850 referendum
1216 1819 1279 1846 est.

1020 1883 1084 1915 εἰς
1115 1880 1186 1914 τὰς
1215 1883 1294 1913 τῶν
1325 1879 1486 1912 παίδων
1515 1878 1597 1912 ἐπι-

977 1926 1246 1970 τελειώσειεΙ
1297 1926 1406 1959 Recte
1451 1927 1599 1958 Astius

976 1976 1232 2015 interpretatur:
1281 1972 1331 2004 ad
1373 1980 1494 2003 saera
1533 1981 1595 2003 so-

977 2021 1129 2053 lemnia
1162 2023 1262 2060 post
1293 2020 1431 2048 natum
1464 2014 1596 2048 infan-

977 2070 1056 2097 tem
1093 2062 1372 2096 instituenda
1429 2060 1515 2092 Nam
1550 2071 1598 2092 te-

979 2105 1540 2149 retv‚1÷nztei.sosv,ze'2209‚nna
1566 2106 1598 2138 id

978 2166 1084 2199 genus
1107 2155 1229 2194 verba,
1261 2155 1292 2184 in
1317 2162 1355 2183 re
1380 2162 1475 2183 saera
1501 2155 1598 2184 usur-

980 2201 1050 2243 pari
1079 2204 1224 2233 constat.
1256 2208 1288 2230 v,
1315 2196 1530 2230 Ruhnken.
1556 2196 1599 2228 ad

978 2247 1068 2279 Tim.
1111 2257 1141 2288 p.
1180 2243 1257 2279 225.
1298 2244 1354 2284 Sp
1362 2241 1520 2274 anhem.
1557 2241 1598 2273 ad

979 2292 1109 2324 Callim-
1162 2289 1249 2323 ..89
1276 2293 1310 2320 et
1334 2287 1413 2322 725.
1439 2286 1492 2319 ed.
1520 2286 1600 2318 Ern.

979 2301 1202 2378 Cogitandpum
1220 2344 1302 2366 vero
1318 2333 1360 2365 de
1375 2332 1482 2364 sacris
1508 2333 1600 2364 eins-

980 2381 1092 2422 modi,
1126 2380 1236 2422 qualia
1271 2378 1406 2411 Athenis
1437 2378 1533 2410 fuere
1562 2375 1602 2409 τὰ

981 2423 1183 2469 περιδρόμια,
1210 2425 1328 2466 quinto
1352 2422 1423 2455 fere
1440 2427 1518 2464 post
1542 2432 1600 2454 na-

979 2473 1047 2506 tum
1073 2471 1230 2504 infantem
1267 2469 1321 2500 die
1345 2470 1536 2507 celebrata,
1568 2472 1602 2502 et

979 2528 1066 2560 quae
1091 2516 1226 2548 decimo
1257 2514 1311 2547 die
1341 2513 1601 2546 instituebantur

979 2561 1155 2601 natalicia,
1182 2557 1217 2602 (ἡ
1241 2557 1387 2601 δεκάτη),
1410 2569 1476 2600 quo
1501 2558 1600 2590 amici

979 2608 1019 2640 ad
1050 2607 1222 2639 solemnes
1253 2606 1371 2646 epulas
1409 2609 1444 2637 et
1475 2603 1600 2636 sacrifi-

980 2655 1030 2687 cia
1053 2652 1339 2685 convocabantur.
1365 2649 1463 2682 Conf.
1493 2647 1531 2679 F.
1556 2648 1598 2679 G.
