1644 2886
253 100 413 142 XXVI
453 100 457 105 '
683 99 1154 146 PROLEGOMENA

255 210 436 253 collecta
472 211 664 266 insignes
705 225 799 252 esse
840 211 993 253 debere
1036 211 1291 254 iudicantur.
1368 214 1581 266 Quocirca

257 281 336 308 nec
374 266 480 309 haec
521 268 761 320 importune
805 266 874 308 hic
905 267 1118 309 inculcata
1145 282 1240 309 esse
1269 268 1359 311 iure
1390 269 1583 311 videmur

258 329 445 365 statuere
483 330 612 375 atque
642 322 913 364 contendere.
982 324 1207 365 Postremo
1237 339 1339 365 vero
1369 326 1497 367 etiam
1528 326 1581 366 ad

260 384 435 420 mortem
467 384 509 418 et
536 391 604 418 res
636 383 846 420 extremas
884 377 1122 432 devenitur,
1151 379 1430 434 ferunturque
1460 382 1580 437 leges

260 434 313 475 de
351 434 476 474 iustis
518 439 561 474 et
598 433 831 475 honoribus
862 436 1038 476 mortuis
1070 435 1376 490 persolvendis.
1433 439 1581 491 Atque

259 491 339 531 hac
379 490 473 544 ipsa
508 503 554 530 re
583 489 731 530 finitur
769 490 941 532 tandem
971 491 1197 532 universae
1225 491 1366 547 legum
1394 493 1583 546 promul-

257 545 444 598 gationis
475 545 694 600 negotium
734 547 794 601 (p.
825 547 919 587 960.
951 547 1054 600 B.).,
1087 553 1135 587 ut
1162 547 1287 588 facile
1320 548 1583 605 intelligatur

259 616 499 647 sermonem
537 600 636 642 inde
676 602 728 644 ab
763 608 859 643 ortu
890 602 1073 644 hominis
1103 607 1361 658 susceptum
1396 603 1580 659 denique

259 659 302 698 in
331 657 457 699 rebus
486 657 672 710 ultimis,
713 673 822 712 quae
852 658 1014 699 homini
1045 659 1338 712 expectandae
1369 660 1479 714 sint,
1511 660 1583 701 de-

257 713 396 755 sinere
435 727 485 754 ac
521 713 654 754 veluti
695 714 1009 769 conquiescere.
1087 714 1174 758 Sed
1229 730 1487 769 quamquam
1524 717 1585 758 ita

258 769 401 824 legum
438 768 758 811 scribendarum
797 771 959 817 muneri
1006 778 1050 812 et
1088 771 1232 814 officio
1262 771 1431 813 abunde
1461 773 1585 814 satis-

260 826 418 866 factum
457 825 648 877 videtur,
692 832 835 867 tamen
877 827 1004 868 etiam
1043 840 1155 868 nunc
1186 826 1307 868 deest
1337 827 1499 881 aliquid
1531 827 1584 869 ad

260 880 462 923 tuendam
491 881 678 923 civitatis
710 882 1058 936 incolumitatem,
1091 882 1143 923 de
1173 898 1257 937 quo
1285 883 1369 923 iam
1396 883 1517 925 Libr.
1548 883 1584 924 Ι.

260 955 300 993 p.
330 939 426 978 632.
457 938 512 978 A.
543 952 638 991 sqq.
667 937 750 978 fuit
792 937 1069 981 admonitum.
1138 938 1428 980 Constituitur
1455 939 1586 995 igitur

259 993 444 1048 denique
473 999 711 1035 conventus
741 993 812 1035 ille
841 1000 1074 1037 nocturnus
1094 994 1335 1046 custodum,
1368 995 1441 1049 qui
1464 996 1583 1049 quasi

260 1051 394 1091 instar
431 1064 524 1091 esse
562 1047 717 1095 debere
759 1049 973 1091 iudicatur
1011 1051 1162 1092 mentis
1202 1057 1245 1091 et
1272 1051 1586 1105 praestantissi-

261 1120 423 1147 morum
462 1121 662 1147 sensuum
703 1106 747 1146 in
786 1105 1064 1148 animantium
1102 1107 1239 1162 capite
1269 1107 1584 1148 collocatorum.

262 1161 313 1203 In
353 1161 514 1202 incerto
549 1167 690 1202 tamen
731 1161 1005 1214 relinquitur,
1051 1167 1286 1215 quaenam,
1334 1162 1503 1216 quando
1545 1170 1588 1203 et

262 1216 465 1272 quamdiu
493 1217 536 1258 hi
567 1215 771 1259 custodes
804 1217 989 1258 civitatis
1010 1217 1181 1260 discere,
1204 1217 1398 1266 debeant.
1460 1217 1586 1260 Unde

265 1275 438 1315 fuerunt
484 1274 556 1327 qui
606 1279 808 1327 protenus
857 1273 1163 1315 concluderent
1212 1288 1319 1328 opus
1369 1274 1453 1315 fine
1495 1289 1587 1315 esse

262 1336 518 1371 truncatum.
596 1332 657 1370 At
698 1330 911 1371 enimvero
960 1329 1075 1370 istud
1114 1328 1285 1383 quidem
1324 1344 1416 1372 sese
1458 1329 1588 1371 habet

263 1385 399 1426 multo
429 1385 563 1426 aliter.
630 1385 712 1426 Est
741 1385 850 1426 enim
881 1400 987 1440 opus
1017 1385 1165 1439 utique
1194 1386 1427 1439 perfectum
1461 1392 1588 1439 atque

264 1441 519 1483 absolutum.
586 1441 699 1483 Nam
736 1439 853 1495 quod
891 1441 995 1482 nihil
1040 1441 1120 1482 hoc
1157 1441 1202 1482 in
1239 1456 1395 1497 genere
1433 1440 1486 1482 de
1516 1455 1587 1482 cu-

264 1496 459 1539 stodibus
499 1496 716 1548 definitur,
748 1497 799 1538 fit
827 1496 933 1537 illud
972 1503 1219 1552 propterea,
1273 1497 1388 1551 quod
1441 1512 1587 1551 proce-

265 1553 394 1594 dente
422 1559 629 1607 tempore,
659 1553 755 1607 ipsa
784 1553 1044 1608 experientia
1073 1553 1300 1607 magistra,
1339 1553 1496 1596 certius
1526 1553 1587 1593 in-

203 1600 214 1615 *
264 1609 479 1650 tellectum
510 1609 562 1650 iri
590 1608 818 1661 iudicatur,
849 1608 952 1663 quid
971 1608 1024 1650 de
1053 1608 1119 1651 his
1140 1610 1267 1650 rebus
1296 1609 1467 1664 publice
1493 1624 1588 1650 san—

265 1665 460 1706 ciendum
503 1665 570 1707 sit.
637 1665 791 1718 Itaque
830 1664 900 1707 hic
941 1680 1111 1719 quoque
1151 1665 1269 1706 salva
1308 1671 1409 1706 sunt
1449 1665 1590 1706 omnia

265 1736 402 1775 neque
438 1721 525 1762 ulla
562 1721 895 1776 imperfectionis
947 1728 1020 1762 aut
1057 1721 1146 1761 vitii
1185 1721 1375 1775 suspicio
1424 1720 1590 1762 videtur

266 1778 408 1818 locum
438 1776 593 1818 habere
625 1791 763 1832 posse.

378 1833 467 1874 Iam
510 1847 608 1874 vero
649 1833 755 1874 haec
787 1834 942 1882 omnia,
976 1848 1084 1887 quae
1123 1831 1175 1873 de
1212 1832 1450 1887 argumenti
1506 1838 1589 1872 tra-

265 1890 454 1932 ctatione
493 1889 793 1944 exposuimus,
833 1896 975 1929 mente
1014 1897 1057 1928 et
1097 1889 1238 1929 animo
1270 1886 1588 1941 considerantes

267 1942 313 1988 et*
339 1946 461 2000 quasi
483 1951 737 1986 contuentes
758 1959 900 1985 nonne
920 1945 1039 1985 fateri
1061 1943 1310 1986 debebimus
1330 1944 1486 1985 iustam
1508 1943 1588 1983 uti-

267 2017 349 2056 que
390 2016 491 2043 >esse
536 2001 762 2042 universae
811 2000 1191 2055 argumentationis
1246 1998 1588 2055 progressionem

266 2064 393 2112 atque
434 2056 697 2113 singularum
734 2056 917 2112 partium
961 2071 1052 2097 eam
1092 2055 1416 2111 descriptionem
1448 2060 1490 2094 et
1519 2069 1590 2094 co-

268 2113 556 2169 pulationem,
597 2127 705 2166 quae
747 2112 1001 2167 elegantiam
1056 2127 1105 2152 ac
1151 2111 1380 2153 sollertiam
1428 2110 1589 2164 ingenii

272 2169 482 2211 Platonici
511 2169 635 2223 plane
667 2167 957 2209 contestetur?
1016 2167 1185 2209 Etenim
1208 2167 1242 2208 si
1268 2165 1590 2208 discesserimus

268 2241 293 2266 a
326 2225 481 2280 paucis
522 2223 780 2278 quibusdam·
815 2224 954 2277 iisque
998 2238 1200 2278 perquam
1241 2223 1406 2277 exiguis
1450 2222 1590 2277 operis

268 2281 485 2337 partibus,
525 2281 568 2320 in
612 2280 767 2334 quibus
798 2279 961 2334 aliquid
999 2279 1240 2334 neglectum
1286 2284 1361 2320 aut
1400 2285 1589 2332 praeter-

269 2338 441 2379 missum
485 2335 706 2388 videatur,
746 2342 860 2377 certe
901 2335 1006 2376 nihil
1049 2333 1282 2389 quidquam
1320 2349 1496 2388 usquam
1526 2333 1589 2374 in-

269 2393 471 2449 vestigari
501 2392 674 2446 poterit,
705 2391 821 2445 quod
850 2391 1003 2433 inscite
1031 2397 1105 2435 aut
1143 2390 1287 2445 inepte
1311 2390 1368 2431 sit
1396 2389 1590 2443 disputa-

269 2457 380 2500 tum3
410 2449 494 2490 imo
515 2448 656 2489 omnia
678 2453 762 2488 tam
790 2448 1004 2503 eleganter
1034 2446 1258 2501 disposita,
1290 2451 1375 2487 tam
1399 2445 1591 2492 sollerter

269 2506 513 2555 coniuncta,
544 2510 629 2545 tam
660 2505 875 2557 praeclare
904 2503 1087 2557 denique
1111 2503 1320 2558 explicata
1349 2507 1391 2542 et
1419 2500 1474 2542 ad
1503 2501 1590 2542 exi-

269 2568 358 2603 tum
397 2560 609 2615 perducta
647 2566 772 2612 sunt,
810 2566 860 2601 ut
898 2561 940 2601 in
982 2559 1164 2600 maxima
1201 2573 1340 2599 rerum
1380 2557 1588 2599 variarum

270 2631 319 2658 ac
370 2616 636 2660 dissimilium
685 2616 950 2658 enarratione
1008 2629 1056 2656 ac
1115 2614 1402 2669 disputatione
1452 2623 1589 2654 tamen
