1644 2886
507 72 590 114 1)ss
624 71 903 114 LEGIBUS
938 79 1018 113 etc.
1306 73 1414 114 CIX

0 207 1 241 ᾗ
51 194 288 240 putamus,
325 195 372 228 ut
404 186 489 227 hoc
521 186 605 227 tale
637 199 748 242 opus
790 185 1000 228 conderet
1039 184 1352 239 conditumque
1393 203 1416 226 a

48 249 188 285 semet
234 244 332 300 ipso
373 243 455 285 sub
506 242 648 285 alieno
691 242 865 284 nomine
909 242 953 284 in
1001 242 1142 284 lucem
1195 242 1415 298 publicam

49 298 325 356 produceret.
404 298 544 342 Cuius
602 299 847 342 sententiae
898 313 1079 342 caussae
1133 306 1178 341 et
1223 300 1416 342 rationes

50 372 184 411 quum
224 357 335 399 aliae
379 356 423 399 in
466 362 640 413 promtu
670 356 784 410 sint,
815 363 908 398 tum
939 356 984 397 in
1014 356 1234 412 prae-senti
1266 371 1416 399 rursus

48 412 231 456 eandem
261 429 527 457 memorasse
558 413 664 456 satis
688 414 785 467 erit,
818 427 947 468 quam
971 411 1102 454 modo
1133 412 1187 454 de
1211 413 1415 470 Philippo

48 471 92 512 in
122 470 312 513 medium
343 471 583 513 attulimus.
649 470 805 525 Neque
828 469 942 511 enim
967 469 1112 525 putari
1143 470 1260 525 licet,
1292 477 1417 513 tanta

47 543 184 582 quum
214 528 272 571 sit
304 528 450 583 operis
481 526 723 584 amplitudo
754 533 963 582 tantaque
994 527 1123 582 copia
1153 534 1196 568 et
1218 527 1415 580 ubertas,

48 584 182 626 ullum
223 599 408 640 usquam
448 584 705 641 scriptorem
738 583 935 625 extitisse
966 583 1168 639 propriae
1198 584 1340 626 famae
1372 593 1416 627 et

48 641 380 684 existimationis
422 640 533 683 adeo
576 641 897 697 negligentem,
930 639 1098 682 alienae
1130 641 1295 696 gloriae
1327 648 1414 684 tam

49 698 204 741 misere
247 704 487 752 amantem,
528 703 577 740 ut
617 697 847 739 leviusculi
902 697 1090 739 alicuius
1135 698 1414 740 emolumenti

47 755 116 797 vel
148 755 367 798 commodi
399 755 542 811 gratia
572 761 711 797 semet
740 754 884 810 ipsum
914 754 1068 796 merita
1097 753 1226 796 laude
1255 755 1416 811 spolia-

48 818 115 853 ret
154 818 199 854 et
241 811 355 868 turpi
387 811 540 854 fraude
571 811 820 865 commissa,
865 825 980 866 quae
1008 811 1104 866 ipse
1136 811 1415 855 laudabiliter

47 875 365 911 commentatus
395 875 536 923 esset,
572 869 745 910 clariori
775 868 975 911 Platonis
1006 868 1171 910 nomini
1202 869 1414 912 attribue-

47 932 124 969 ret.
193 925 291 968 Nec
329 941 431 968 vero
470 926 641 983 Legum
682 940 793 982 opus
833 926 887 968 ab
927 925 1023 967 aliis
1062 925 1272 969 continuo
1312 934 1416 983 post

46 982 303 1039 philosophi
348 983 519 1025 obitum
557 982 732 1025 videtur
771 982 864 1026 eius
896 982 1068 1025 nomine
1098 982 1302 1040 insigniri
1334 1000 1413 1040 po-

48 1039 199 1093 tuisse,
232 1039 479 1084 cuiusmodi
509 1040 629 1083 fraus
663 1054 742 1082 cur
763 1046 855 1082 tum
888 1039 1059 1082 admitti
1090 1055 1178 1082 non
1203 1042 1413 1097 potuerit,

47 1097 133 1139 iam
182 1097 227 1138 in
267 1097 567 1153 superioribus
615 1096 911 1154 significatum
960 1103 1040 1140 est.
1107 1097 1219 1140 Esse
1267 1104 1414 1141 autem

46 1169 235 1196 errorem
267 1153 321 1196 de
362 1155 456 1197 eius
488 1153 657 1212 origine
687 1153 791 1197 inde
821 1154 875 1196 ab
906 1153 1209 1197 Alexandrina
1239 1154 1415 1198 demum

48 1216 189 1253 aetate
220 1217 435 1264 exortum,
468 1226 555 1267 qua
584 1217 758 1254 constat
787 1211 1023 1254 illustrium
1054 1211 1245 1254 virorum
1275 1213 1414 1255 nomi-

47 1268 176 1311 nibus
215 1283 347 1324 saepe
387 1268 531 1311 aliena
580 1268 745 1325 scripta
784 1283 880 1311 esse
919 1268 1175 1325 supposita,
1213 1269 1283 1312 vel
1312 1268 1413 1312 ideo

47 1340 136 1368 non
160 1331 228 1368 est
258 1324 483 1379 credibile,
515 1325 621 1380 quia
647 1326 795 1382 Leges
825 1325 911 1367 iam
939 1338 1041 1368 ante
1071 1325 1190 1368 illam
1223 1332 1413 1370 aetatem

46 1381 219 1424 Platoni
250 1381 304 1424 ab
335 1381 504 1425 idoneis
543 1381 732 1425 testibus
768 1382 962 1425 tributae
1001 1388 1135 1437 atque
1175 1392 1225 1426 ut
1255 1385 1411 1426 summi

46 1437 297 1495 philosophi
329 1454 441 1496 opus
471 1438 717 1484 celebratae
748 1446 865 1483 sunt,

159 1561 325 1604 Verum
355 1563 464 1605 satis
495 1562 604 1605 haec
635 1562 680 1605 in
714 1562 967 1606 universum
998 1562 1052 1606 de
1076 1563 1276 1620 Legibus
1307 1564 1410 1607 Pla-

46 1618 175 1662 tonis.
236 1617 363 1673 Quae
385 1620 420 1663 si
441 1619 498 1662 ad
528 1620 843 1663 accuratiorem
865 1619 1012 1675 operis
1040 1620 1173 1677 longe
1205 1621 1410 1664 uberrimi

45 1675 378 1734 intelligentiam
425 1676 622 1720 nonnihil
667 1676 812 1720 valere
850 1675 1047 1720 iudicata
1095 1677 1284 1732 fuerint,
1328 1678 1408 1721 im-

47 1747 180 1790 pense
209 1733 488 1786 laetabimur3
521 1734 590 1776 sin
621 1734 782 1789 minus,
813 1733 918 1777 boni
938 1734 1094 1777 saltem
1113 1734 1284 1777 consilii
1305 1749 1407 1778 con-

45 1789 229 1834 scientia
259 1791 470 1833 exantlati
498 1790 662 1834 laboris
691 1790 1035 1848 magnitudinem
1067 1791 1380 1835 consolabitur.

126 1891 329 1948 ‚Scripsi
377 1892 558 1947 Lipsiae
597 1892 642 1934 in
681 1891 844 1936 Schola
891 1892 1121 1936 Thomana
1163 1892 1234 1935 die
1273 1868 1423 1937 XIX.¹

48 1965 103 1991 m.
134 1948 302 2005 Aprilis
332 1946 685 1992 MDCCCLIX.

872 2071 949 2118 G.
981 2070 1347 2119 Stallbamn
