1644 2886
265 124 345 165 40⁴2
374 152 377 153 ν
703 120 1159 164 ARGUMENTUM

263 248 355 275 rum
381 239 448 275 est
468 233 567 274 huic
592 231 910 286 quodammodo
939 233 1214 286 contrarium,
1248 233 1364 286 quod
1383 234 1518 275 oritur
1547 248 1598 274 ex

262 287 610 332 dissimilitudine
668 293 710 328 et
757 287 1032 341 diversitate,
1083 303 1215 342 quum
1265 289 1373 334 alter
1418 290 1598 331 alterum

263 349 478 396 sectatur,
519 343 725 398 quoniam
763 344 859 399 ipse
896 359 982 385 non
1013 343 1142 386 habet
1171 358 1236 397 ea,
1269 359 1377 399 quae
1406 345 1468 386 illi
1498 349 1597 386 sunt

263 399 452 455 propria,
483 399 616 441 veluti
650 413 782 452 quum
802 414 969 454 pauper
998 405 1189 441 sectatur
1215 399 1391 441 divitem
1421 406 1463 441 et
1492 415 1591 455 opu-

262 456 437 497 lentum.
510 455 708 496 Tertium
749 470 886 510 genus
930 470 983 496 ex
1013 462 1196 510 utroque
1224 456 1296 497 illo
1328 457 1505 497 mixtum
1535 453 1602 497 est

263 516 307 553 et
346 510 592 552 conflatum.
652 511 912 566 Appellatur
941 518 1083 552 autem
1115 512 1303 553 amicitia
1339 513 1424 554 ista
1453 518 1496 553 et
1526 512 1599 553 be-

264 567 509 608 nevolentia
550 566 705 609 amoris
741 567 937 619 nomine,
982 567 1154 621 quando
1194 568 1336 608 extitit
1372 567 1598 609 vehemen-

264 623 372 672 tior3
413 628 462 663 ut
500 622 624 663 facile
666 629 871 677 appareat
911 622 1065 664 amoris
1108 623 1170 664 vis
1211 629 1255 664 et
1282 629 1450 665 natura.
1509 623 1599 664 Iam

264 693 366 720 vero
413 677 521 719 haec
567 677 650 718 tria
689 693 848 733 genera
887 679 961 719 ubi
1013 678 1336 720 consideramus
1384 679 1599 732 quomodo

265 735 376 775 inter
404 734 498 789 ipsa
528 733 742 786 differant,
771 734 952 788 primum
984 734 1088 775 illud
1120 735 1355 790 reperimus
1383 734 1599 789 placidum

265 804 358 831 esse
400 796 442 830 et
479 803 728 842 commune,
767 789 883 843 quod
923 790 1146 843 utriusque
1188 791 1311 831 amici
1342 790 1599 831 utilitatibus

264 846 515 898 conveniat;
557 844 737 886 alterum
761 851 926 886 'contra
956 845 1181 887 vehemens
1212 851 1254 886 et
1283 846 1600 887 communitatis

265 901 488 956 negligens
533 915 648 950 esse3
690 899 874 954 denique
916 901 1088 942 tertium
1139 901 1322 942 existere
1373 901 1598 953 eiusmodi,

264 962 312 998 ut
356 962 400 997 et
438 955 721 1010 cupiditatem
761 962 805 997 et
841 955 1179 998 moderationem
1220 957 1375 998 habeat
1415 957 1602 1011 ideoque

264 1012 503 1066 inquietum
533 1011 590 1053 sit
619 1011 787 1065 sibique
808 1011 892 1065 ipsi
923 1026 1051 1067 saepe
1082 1014 1357 1054 contrarium.
1416 1013 1484 1053 Ex
1514 1028 1600 1066 quo

264 1067 448 1123 intelligi
486 1073 650 1123 potest,
690 1066 794 1122 quid
824 1066 876 1108 de
908 1082 952 1108 re
982 1082 1096 1109 nunc
1128 1068 1171 1108 in
1203 1069 1495 1121 quaestionem
1525 1084 1600 1110 vo-

267 1129 366 1166 cata
407 1122 682 1165 statuendum
720 1123 789 1165 sit.
857 1122 940 1164 Est
970 1123 1079 1164 enim
1111 1123 1396 1179 legislatoris,
1428 1125 1599 1178 cognito

267 1179 480 1221 variorum
519 1193 709 1220 amorum
749 1178 1016 1232 discrimine,
1056 1179 1100 1220 in
1142 1179 1315 1221 civitate
1357 1195 1442 1221 non
1473 1180 1599 1221 'alium

267 1236 378 1277 terre
408 1249 458 1276 ac
495 1235 706 1282 tolerare,
749 1234 829 1275 nisi
861 1250 972 1288 eum,
1003 1235 1077 1288 qui
1107 1250 1159 1276 ex
1190 1243 1338 1276 mutua
1367 1236 1600 1277 animorum

267 1291 570 1333 benevolentia
600 1289 890 1345 proficiscitur
909 1297 1068 1332 etcum
1099 1291 1381 1345 temperantia
1410 1290 1600 1346 placida-

268 1361 352 1401 que
381 1346 691 1400 tranquillitate
722 1346 980 1400 coniunctus
1014 1359 1079 1388 est
1109 1347 1177 1402 (p.
1211 1348 1305 1388 835.
1336 1347 1390 1388 D.
1420 1371 1475 1376 —-
1505 1347 1599 1388 837.

269 1403 359 1456 Ε).
387 1402 441 1433 -’
495 1402 589 1444 Iam
618 1416 720 1444 vero
751 1402 789 1443 si
819 1402 1055 1455 quaeritur,
1085 1417 1268 1457 quanam
1290 1403 1454 1444 ratione
1485 1402 1601 1444 cives

269 1458 405 1502 nostri
435 1473 460 1499 a
486 1458 601 1514 turpi
621 1457 814 1499 lubidine
845 1458 980 1499 arceri
999 1464 1173 1512 queant,
1205 1458 1526 1513 responsionem
1557 1457 1601 1498 in

267 1519 441 1569 promtu
482 1514 700 1555 habemus.
773 1512 913 1565 Quod
943 1514 1052 1555 enim
1092 1514 1163 1555 vul
1199 1529 1223 1554 o
1253 1514 1345 1555 fieri
1391 1513 1600 1565 videmus,

268 1581 318 1611 ut
351 1569 505 1610 fratres
546 1584 571 1610 a
610 1568 838 1621 fratribus,
882 1575 1081 1623 parentes
1120 1585 1144 1610 a
1167 1529 1327 1611 &iberis
1365 1569 1599 1611 lubidinem

268 1639 462 1666 aversam
491 1624 691 1676 habeant,
723 1624 923 1679 quoniam
944 1639 1090 1666 omnes
1120 1624 1220 1666 inde
1253 1625 1432 1679 aprima
1462 1629 1601 1666 aetate

267 1680 378 1722 hanc
427 1681 577 1722 animis
629 1681 717 1721 suis
764 1683 1047 1734 susceperunt
1094 1680 1366 1735 opinionem,
1415 1687 1464 1722 ut
1512 1694 1600 1723 rem

265 1736 498 1778 nefandam
547 1750 642 1777 esse
693 1734 937 1777 existiment
975 1735 1143 1788 diisque
1180 1736 1386 1789 invisam,
1426 1736 1465 1777 si
1504 1736 1600 1790 quis

266 1792 484 1847 nequitiae
506 1791 719 1847 flagitium
742 1790 787 1831 in
815 1805 859 1832 se
882 1791 1104 1840 admittat3
1127 1790 1239 1832 idem
1265 1791 1391 1832 etiam
1410 1791 1454 1832 in
1474 1791 1599 1833 simili

265 1862 420 1890 caussa
449 1847 617 1889 anobis
651 1846 765 1888 effici
799 1846 928 1888 debet
955 1847 1000 1888 in
1045 1852 1193 1888 nostra
1227 1846 1416 1889 civitate.
1454 1846 1599 1887 Imbu-

267 1903 367 1945 endi
404 1903 517 1945 enim
550 1908 652 1949 sunt
681 1902 869 1945 omnium
888 1903 1016 1945 animi
1045 1902 1146 1944 inde
1175 1903 1227 1944 ab
1258 1903 1432 1944 ineunte
1461 1907 1601 1944 aetate

266 1959 348 2002 hac
378 1959 603 2015 opinione,
644 1973 771 2013 quam
802 1959 929 2000 etiam
958 1958 1152 2014 magistri
1183 1958 1336 2000 deinde
1367 1973 1416 2000 ac
1446 1960 1599 2013 poetae

267 2030 406 2069 usque
437 2014 693 2057 confirment
722 2020 764 2055 et
792 2015 1006 2056 mentibus
1035 2014 1166 2055 veluti
1195 2014 1390 2070 infigant,
1422 2020 1469 2055 ut
1493 2014 1600 2055 nihil

267 2077 460 2113 statuant
499 2085 592 2112 esse
615 2070 799 2125 ,turpius
840 2076 883 2111 et
919 2070 1211 2123 inhonestius,
1245 2085 1370 2125 quam
1401 2085 1426 2110 a
1456 2070 1599 2125 pravis

266 2126 533 2168 lubidinibus
563 2125 702 2178 vinci,
742 2125 850 2166 nihil
890 2141 991 2167 vero
1021 2125 1279 2168 laudabilius
1311 2141 1360 2167 ac
1389 2125 1470 2166 diis
1502 2141 1599 2180 gra-

267 2182 368 2235 tius,
400 2197 542 2235 quam,
575 2181 776 2223 cohibitis
808 2181 1134 2236 cupiditatibus,
1165 2182 1338 2223 illicitos
1366 2181 1411 2222 iii
1440 2196 1599 2235 pueros
1643 2194 1644 2213 ³

268 2243 343 2279 aut
379 2237 559 2279 feminas
607 2237 877 2279 matrimonio
927 2238 1094 2279 iunctas
1141 2252 1304 2280 amores
1352 2237 1500 2292 fugere
1549 2252 1599 2278 ac

268 2294 418 2335 vitare.
477 2293 600 2334 Haec
629 2293 762 2349 igitur
790 2293 857 2334 lex
889 2293 941 2335 de
971 2309 1112 2335 amore
1140 2293 1365 2335 inhonesto
1394 2298 1597 2346 tanquam

267 2354 437 2392 sacrata
463 2349 520 2391 sit
550 2354 593 2390 et
622 2349 836 2390 communi
866 2349 1084 2390 hominum
1122 2349 1403 2391 consensione
1433 2349 1600 2391 sancita

267 2419 318 2447 ae
346 2404 527 2446 firmata.
596 2404 713 2446 Fieri
755 2410 897 2446 autem
938 2419 1089 2460 posse,
1129 2411 1177 2446 ut
1217 2404 1476 2459 cupiditates
1513 2405 1597 2446 isto

266 2460 395 2503 modo
445 2462 746 2514 coerceantur,
793 2461 838 2502 id
879 2461 1132 2502 athletarum
1179 2461 1417 2516 exemplum
1457 2459 1595 2512 docet,
1640 2473 1644 2506 ;,]

267 2531 378 2570 quos
418 2530 724 2571 saepenumero
765 2516 1104 2558 animadvertere
1144 2515 1268 2569 licet,
1312 2515 1506 2570 quamvis
1530 2512 1597 2556 la-

267 2572 444 2614 boribus
476 2578 517 2614 et
547 2572 928 2615 exercitationibus
958 2572 1423 2627 corporisroboratos,
1455 2577 1597 2613 tamen
1643 2570 1644 2618 ἶ

266 2642 290 2669 a
327 2628 455 2670 rebus
494 2627 704 2670 Venereis
741 2627 1117 2681 immoderatisque
1148 2628 1441 2684 voluptatibus
1472 2627 1598 2683 plane
1642 2632 1644 2683 ζ
