1644 2886
510 106 592 148 ΒΕ
626 101 902 147 LEGIBUS
934 111 1016 145 etc.
1266 99 1425 142 XLIII

75 222 217 278 ipsum
266 221 395 263 Plato
441 219 517 274 iis,
555 233 665 273 quos
706 217 1017 270 iudicavimus,
1058 216 1166 258 locis
1210 213 1326 256 haud
1367 213 1428 254 ita

76 280 260 321 obscure
302 275 522 334 prodidit,
573 274 927 331 quandoquidem
978 274 1112 315 altero
1161 270 1430 329 significavit

76 344 270 393 tempus,
319 351 404 391 quo
450 333 634 375 maxima
683 333 798 376 solet
838 347 935 374 esse
965 330 1195 388 longitudo
1244 328 1427 381 dierum,

76 394 212 435 altero
252 408 493 435 sermonem
531 406 670 445 usque
710 389 763 431 ad
806 389 902 431 libri
945 389 1087 444 quarti
1127 388 1288 429 exitum
1330 401 1429 441 pro-

77 451 273 508 fligatum
315 465 409 493 esse
448 447 642 491 ostendit
680 446 852 488 circiter
891 461 1032 501 usque
1079 445 1133 487 ad
1182 443 1428 494 meridiem3

78 523 174 550 nam
214 507 322 549 illud
362 504 517 562 σχεδόν
546 505 606 547 ibi
636 503 789 561 procul
820 502 954 544 dubio
985 501 1332 545 connectendum
1365 507 1432 542 est

76 581 173 607 cum
203 566 458 619 μεσημβρία
488 567 654 619 γέγονε.

384 887 504 963 Cap.
546 886 672 947 xvi.
755 885 1005 964 Segment..
1053 887 1132 947 ΙΙΙ.

237 1022 312 1059 lle
336 1023 525 1070 dialogi
551 1022 716 1063 initio,
749 1031 1014 1067 progressu
1040 1025 1092 1060 et
1118 1022 1272 1058 exitu.

191 1137 251 1179 Et
291 1137 502 1180 hacteuus
537 1136 714 1193 quidem
754 1135 807 1178 de
849 1143 1008 1178 ornatu
1048 1136 1213 1193 dialogi
1243 1136 1434 1190 scenico,

78 1209 208 1249 quem
247 1195 321 1250 qui
366 1195 510 1237 acrius
549 1193 944 1250 reprehenderunt,
989 1194 1019 1235 ii
1049 1195 1248 1251 protecto
1278 1209 1332 1235 cu
1366 1192 1437 1235 ide

81 1252 221 1308 magis
261 1267 389 1307 quam
427 1267 525 1294 vere
555 1251 817 1301 iudicavisse
850 1251 1124 1294 existimandi
1155 1259 1270 1293 sunt.
1367 1267 1436 1293 ro-

79 1308 303 1365 gredimur
343 1309 398 1351 ad
438 1310 649 1351 sermonis
698 1309 1041 1365 expositionem²
1093 1309 1289 1363 initium,
1334 1324 1437 1364 pro-

78 1381 298 1422 gressum,
339 1367 527 1420 exitum,
568 1367 611 1408 in
652 1366 811 1421 quibus
851 1367 1044 1408 cernitur
1073 1366 1280 1408 dramatis
1314 1366 1439 1421 quasi

112 1423 331 1479 hilosophi
362 1425 572 1481 perfectio
605 1430 648 1466 et
667 1424 898 1466 absolutio.
961 1422 1294 1466 Consideranda
1324 1423 1438 1465 enim

80 1438 187 1522 liaeo
217 1496 391 1537 quoque
425 1488 528 1524 sunt
548 1480 818 1538 diligentius,
853 1481 1209 1538 quandoquidem
1240 1482 1438 1523 Astius

82 1537 152 1579 De
190 1538 296 1580 Vita
336 1546 380 1580 et
419 1538 605 1596 Scriptis
647 1539 755 1581 Plat.
795 1540 965 1604 p‘..387'
1007 1555 1072 1595 sq.
1105 1547 1148 1581 et
1177 1539 1439 1581 Zellerus

83 1594 111 1639 l.
142 1610 178 1636 c.
210 1611 250 1652 p.
284 1597 351 1637 57.
382 1611 480 1651 sqq.
521 1596 707 1653 plurima
745 1597 791 1638 in
830 1611 884 1638 us
915 1597 1116 1654 graviore
1145 1611 1332 1639 censura
1359 1612 1437 1638 no-

83 1659 296 1695 taverunt.

198 1709 550 1767 Distinguendus
588 1717 731 1752 autem
772 1711 817 1752 in
858 1710 1010 1752 harum
1051 1726 1193 1752 rerum
1223 1709 1439 1753 diiudica-

82 1766 201 1808 tione
246 1767 578 1825 diligentissime
617 1775 684 1810 est
715 1768 905 1810 universi
935 1769 1148 1811 sermonis
1180 1782 1440 1825 progressus

85 1831 129 1865 et
157 1825 297 1868 exitus
326 1840 353 1866 a
391 1826 659 1882 singularum
689 1827 879 1881 partium
908 1826 1183 1868 tractatione.
1243 1828 1442 1882 Apparet

86 1881 199 1922 enim
237 1881 357 1923 illum
393 1883 500 1924 satis
540 1890 707 1924 rectum
749 1890 793 1925 et
831 1883 1094 1925 laudabilem
1144 1897 1240 1924 esse.
1294 1897 1439 1939 posse,

86 1937 256 1979 etiamsi
303 1938 476 1995 singula
522 1940 664 1982 minus
718 1940 916 1982 sollerter
965 1941 1053 1982 sint
1105 1939 1351 1993 elaborata,
1392 1955 1443 1982 ac

84 1995 275 2036 vicissim
314 1995 509 2052 singulas
547 1997 756 2039 sermonis
789 2003 941 2052 partes
989 1997 1098 2039 scite
1138 2003 1182 2038 et
1221 1996 1445 2054 eleganter

86 2066 184 2094 esse
215 2067 346 2108 posse
366 2059 594 2106 tractatas,
627 2068 760 2108 quum
781 2060 900 2095 totus
921 2069 1062 2095 sermo
1083 2053 1252 2096 laboret
1270 2054 1441 2097 inertia.

86 2109 243 2166 Itaque
271 2109 325 2151 de
355 2117 542 2165 utroque
573 2125 767 2152 seorsum
798 2110 1005 2153 dicemus.
1384 2133 1389 2145 ι

203 2167 261 2208 Et
300 2166 354 2209 de
393 2168 582 2210 universi
627 2168 801 2222 quidem
842 2168 1052 2210 sermonis
1093 2169 1262 2210 ratione
1294 2168 1443 2210 licebit

89 2223 214 2266 nobis
263 2237 360 2266 esse
406 2225 688 2268 brevioribus.
758 2226 931 2267 Etenim
972 2241 1025 2268 ex
1061 2226 1138 2279 iis,
1172 2241 1283 2280 quae
1311 2233 1441 2268 antea

86 2279 142 2322 de
174 2280 403 2324 dialectica
433 2283 677 2338 argumenti
698 2284 958 2325 tractatione
989 2282 1328 2339 disputavimus,
1357 2284 1442 2325 iam

89 2339 368 2394 perspicuum
399 2340 491 2382 fore
523 2346 741 2395 putamus,
773 2341 965 2383 universi
996 2341 1203 2396 colloquii
1234 2348 1443 2396 tanquam

88 2395 302 2438 actionem
334 2397 508 2440 omnino
540 2413 637 2440 esse
668 2398 817 2452 talem,
849 2413 960 2454 quae
991 2400 1095 2441 artis
1126 2398 1300 2453 legibus
1332 2399 1443 2440 bene

90 2454 335 2495 conveniat.
404 2454 518 2496 Nam
563 2470 772 2510 quorsum
812 2456 958 2498 statim
998 2456 1051 2498 ab
1082 2456 1207 2498 initio
1242 2455 1444 2513 dirigitur

91 2510 230 2552 omnis
259 2510 567 2567 disputationis
606 2528 781 2567 cursim,
814 2529 864 2556 eo
893 2528 980 2555 non
1013 2519 1080 2556 est
1109 2513 1304 2567 dubium,
1337 2513 1442 2568 quin

92 2566 136 2607 in
176 2567 274 2622 ipso
312 2569 455 2625 operis
486 2571 604 2612 exitu
636 2570 697 2611 ita
727 2577 982 2626 perventum
1012 2571 1092 2625 sit,
1126 2579 1172 2612 ut
1203 2577 1345 2612 totum
1376 2585 1443 2612 ar-

92 2632 343 2680 gumentum
382 2625 571 2682 denique
610 2627 736 2683 plene
776 2628 1039 2685 explicatum
1079 2643 1175 2670 esse
1215 2635 1443 2684 appareat,

94 2680 443 2737 quandoquidem
472 2684 580 2726 nihil
611 2685 794 2742 amplius
824 2694 1046 2742 superest,
1080 2684 1198 2739 quod
1231 2701 1308 2741 pro
1340 2700 1441 2728 oon-
