1644 2886
113 85 195 128 DE
231 84 505 128 LEGIBUS
539 83 657 126 LIB.
690 81 824 125 VIII.
856 80 904 122 P.
940 83 1039 124 833.
1071 82 1167 123 834.
1200 79 1265 123 St.
1326 82 1409 123 427

47 206 112 246 δεῖ
149 205 278 246 νικᾶν
314 206 389 246 καὶ
429 207 490 253 cic
533 199 704 252 ὁπόσα,
742 199 967 254 «καθάπερ
1004 200 1087 242 νῦν
1119 203 1166 241 ἐν
1200 198 1252 258 τῇ
1290 197 1410 256 πάλῃ

46 269 495 325 διενομοθετήσαντο
528 273 575 312 οἱ
608 273 706 324 περὶ
744 268 826 321 τὴν
868 268 1022 318 ’πάλην
1068 263 1214 318 αὐτὴν
1252 268 1293 308 τί
1327 266 1408 307 τοῦ

46 339 192 388 καλῶς
234 339 510 387 παλαίοντος
537 339 673 390 ἔργον
714 331 881 390 καὶμὴ
930 335 1094 383 καλῶς,
1143 329 1314 375 ταύτὸν
1351 331 1406 382 δι’]

47 407 121 447 καὶ
147 403 252 454 τοὺς
273 407 377 458 περὶ
408 402 689 459 ὁπλομαχίαν
723 401 892 458 ἄκρους
928 401 1306 457 παρακαλοῦντας
1323 398 1408 454 χρὴ

46 470 236 521 τούτους
283 474 638 526 συννομοθετεῖν
690 469 901 518 κελεύειν,
951 473 1018 518 τίς
1051 468 1182 510 νικᾶν
1218 464 1310 522 ἄρα
1346 468 1408 510 δί’-

1007 534 1023 546 ⁴⁵!

47 556 174 589 καιος
218 541 315 593 περὶ
366 539 535 588 ταύτας
570 531 629 579 αὖ
669 538 750 587 τὰς
785 536 950 592 μα’χας,
1001 551 1026 579 ο
1067 553 1104 578 τι
1139 533 1200 590 μὴ
1239 531 1410 576 παθών
1467 545 1471 548 ’

47 603 75 658 ἢ
114 605 305 661 δράσας,
345 608 419 649 καὶ
456 603 537 650 τὸν
571 602 831 660 ἡττώμενον
867 601 1074 664 ὠςαύτφς
1109 600 1207 655 ἥτις
1240 603 1406 656 διακρί-

48 689 110 716 νει
147 672 281 725 τάξις
322 671 465 716 ταῦτα
502 675 547 716 δὲ
584 675 655 715 καὶ
693 675 789 726 moi
827 673 930 713 τῶν
952 672 1153 725 θηλειῶν
1188 672 1297 712 ἔστω
1334 685 1409 711 νο-

45 739 370 794 μοθετούμενα
399 742 487 782 τῶν
510 745 634 796 μέχρι
669 738 826 794 ya'pcov.
892 735 1203 789 [Ιελταστικὴν
1230 739 1275 780 δὲ
1302 734 1413 788 ὅλην

45 806 407 861 ἀντιστήσαντας
442 810 507 851 δεῖ
541 809 594 868 τῆ
633 808 712 850 τοῦ
756 808 1034 861 παγκρατίου
1077 804 1220 864 μάχη,
1268 793 1412 855 τόξοις

140 947 182 979 Ε.
233 944 254 989 ἢ
279 945 525 989 ποιήσαντα
557 945 622 978 δεῖ
651 946 702 990 ν.]
733 943 754 987 ἢ
778 943 830 988 μὴ
855 956 888 977 π.
918 951 1000 978 vett.
1027 947 1126 978 editt.
1158 947 1252 979 Vere
1277 945 1411 978 Corna-

48 994 122 1026 rius
147 991 199 1036 μὴ
224 994 435 1027 eiiciendum
460 993 595 1034 statuit,
621 993 717 1034 quod
741 997 832 1025 teste
856 991 1022 1025 Bekkero
1048 1003 1121 1025 non
1147 996 1347 1035 agnoscunt
1364 995 1411 1024 A.

48 1039 83 1071 h.
109 1044 144 1071 et
175 1050 230 1082 pr.
262 1037 300 1072 Ω.
349 1038 421 1073 Sed
451 1040 495 1072 de
523 1040 602 1072 cod.
639 1039 684 1071 A.
718 1044 754 1071 et
782 1035 820 1071 Ω.
857 1038 983 1071 mirum
1019 1039 1115 1082 quod
1149 1049 1296 1082 prorsus
1332 1039 1414 1071 silet

48 1085 203 1119 Bastius.

48 1198 216 1232 fecisse
249 1198 432 1239 debeat,
468 1203 514 1231 nt
549 1207 696 1230 conse-

47 1248 201 1286 quatur
239 1245 539 1285 victoriam,
576 1244 696 1276 etin

2 1312 5 1313 ν
47 1291 314 1331 quibusnam
344 1292 492 1331 rebus,
517 1301 567 1323 ac
591 1290 696 1323 defi-

46 1337 280 1377 niverunt,
334 1339 587 1380 quodnam
641 1337 699 1368 sit

46 1383 423 1416 laudabiliter
477 1383 696 1416 luctantis

48 1431 180 1476 o'pus,
215 1434 256 1462 et
293 1430 412 1471 quod
436 1431 597 1469 minus3
632 1429 696 1460 ita

48 1468 179 1508 eti'am
214 1475 558 1517 hoplomachiae
584 1483 696 1508 sum-

46 1531 134 1553 mos
172 1522 386 1555 artifices
425 1522 696 1554 advocare

46 1577 126 1599 nos
161 1571 348 1609 oportet
380 1572 515 1610 atque
545 1568 696 1599 iubere

46 1615 346 1655 constituere,
372 1616 471 1656 quis
497 1613 696 1646 victoria

46 1659 215 1701 dignus
251 1661 309 1692 sit
341 1662 383 1692 in
415 1661 486 1692 his
522 1660 694 1701 pugnis,

45 1710 88 1737 et
112 1707 215 1747 quid
240 1717 326 1739 non
350 1716 594 1749 perpessus
619 1711 696 1738 aut

45 1761 305 1793 aggressum
348 1762 396 1784 ac
435 1753 695 1784 similiter

0 1819 2 1821 >
45 1799 179 1830 etiam
217 1799 446 1830 devictum
484 1807 695 1839 quaenam

46 1844 114 1876 lex
145 1844 390 1876 diiudicet.
428 1844 508 1876 Hoc
532 1853 617 1875 vero
642 1844 695 1874 in-

46 1890 218 1922 solentius
277 1890 397 1931 paullo
456 1891 677 1921 enuntiatum

47 1935 138 1968 Nam
162 1937 206 1969 ab
239 1937 342 1968 initio
377 1937 516 1977 periodi
547 1937 691 1968 inversa

46 1983 185 2014 ratione
217 1983 349 2014 dictum
374 1983 420 2014 iri
455 1987 551 2014 certe
585 1982 690 2022 quili-

45 2028 106 2060 bet
128 2029 330 2070 expectabit
355 2029 422 2061 sic:
453 2025 474 2060 ἃ
495 2027 530 2060 δε
557 2025 619 2059 τὸν
639 2039 689 2059 νι-

47 2071 199 2115 κήσαντα
224 2072 280 2106 δεῖ
298 2071 342 2115 μὴ
380 2074 509 2106 παθεῖν
534 2070 554 2116 ἦ
588 2074 684 2115 ποιῆ-

47 2129 114 2159 σαι,
141 2121 195 2151 καὶ
220 2120 270 2153 εἰς
295 2117 413 2152 ὁπόσα
439 2132 469 2152 κ.
498 2132 523 2152 τ.
551 2120 578 2151 λ.
618 2120 690 2152 Ita·

6 2187 7 2190 =
46 2176 115 2207 que
148 2167 375 2208 participium
410 2171 445 2199 et
478 2166 692 2206 infinitivus,

0 2218 23 2251 χ
46 2211 181 2245 vicibus
215 2214 379 2253 mutatis,
419 2223 484 2255 per
526 2213 692 2245 anacolu-

45 2258 132 2290 thon
158 2260 277 2300 posita
301 2263 394 2291 sunt.
444 2260 495 2290 At
525 2259 691 2290 nimirum

2 2311 3 2314 ’
46 2304 151 2337 etiam
171 2304 257 2337 alibi
282 2306 509 2347 participium
527 2305 691 2337 novimus

46 2359 109 2391 per
134 2352 312 2392 quandam
338 2352 614 2384 constructionis
640 2352 691 2382 in-

49 2397 245 2430 versionem
288 2399 469 2430 continere
512 2399 693 2430 notionem

47 2442 263 2482 primariam,
290 2445 396 2476 sicuti
425 2445 470 2476 ad
494 2444 632 2476 Phiieb.
659 2453 692 2484 p.

0 2499 2 2501 ·
46 2487 103 2522 23·
118 2487 158 2520 C.
173 2494 209 2520 et
225 2490 308 2522 aiibi
328 2491 559 2523 ostendimus.
585 2490 692 2522 Prae·

46 2538 146 2566 terea
170 2545 256 2566 vero
279 2537 385 2569 etiam
410 2533 483 2578 ἥτις
509 2534 602 2577 τάξις
620 2534 691 2566 δια-

50 2580 153 2620 κρίνει
175 2580 270 2613 facta
295 2584 570 2615 constructionis
597 2583 690 2614 enai-

54 2625 132 2666 iage
154 2626 288 2659 dictum
313 2638 378 2669 pro
406 2639 469 2668 eo,
495 2630 592 2671 qnod
617 2639 692 2660 esse

50 2671 218 2705 debebat:
258 2673 312 2704 καὶ
347 2676 395 2706 τίς
426 2673 558 2707 δίκαιος
593 2671 689 2716 bruri-

765 1205 869 1236 μενος
908 1194 1160 1238 διακρίνεσθαι.
1221 1195 1413 1228 Praeterea

765 1243 967 1281 tenendum,
986 1240 1068 1274 τοὺς
1087 1240 1222 1284 ἄκρους
1246 1242 1304 1274 hic
1323 1252 1410 1283 quo-

765 1300 833 1331 que
864 1290 957 1321 idem
992 1300 1086 1329 esse,
1120 1289 1216 1331 quod
1249 1286 1333 1319 τούς
1363 1299 1414 1319 τε·

765 1335 883 1372 λέους,
919 1336 962 1368 de
989 1346 1058 1378 quo
1087 1345 1154 1367 usu
1187 1335 1351 1367 vocabuli
1378 1346 1406 1366 v.

765 1382 914 1414 Theaet.
939 1392 973 1424 p.
1000 1382 1081 1416 201.
1105 1381 1145 1413 C.
1166 1379 1278 1422 Legg.
1299 1380 1355 1415 lV.
1376 1391 1409 1423 p.

764 1427 843 1462 710.
869 1427 916 1462 D.

811 1474 853 1506 P.
878 1473 957 1508 834.
1010 1470 1314 1515 Πελιαστικήν
1362 1471 1411 1504 δὲ

765 1515 869 1562 ὅλην
888 1521 945 1562 -]
965 1519 1193 1552 Consti-notio
1222 1520 1410 1552 verborum

763 1567 814 1598 sic
839 1567 1077 1608 expedienda·
1118 1563 1341 1608 πελταστικὴν
1372 1563 1409 1597 δὲ

764 1609 847 1654 ὅλην
873 1610 926 1644 δεῖ
948 1609 1146 1654 ἄνιισιῆσαι
1173 1614 1211 1654 τῇ
1237 1613 1299 1644 τοῦ
1321 1623 1407 1653 παγ-

764 1661 906 1700 κρατιου
938 1658 1041 1713 μα’χῃ,
1087 1657 1205 1700 τόξοις
1244 1659 1300 1690 καὶ
1331 1659 1407 1690 πέλ-

763 1714 836 1737 ταις
862 1706 917 1736 καὶ
943 1701 1119 1737 ἀκοντίοις
1133 1706 1189 1737 καὶ
1215 1705 1327 1736 λίθων
1342 1705 1407 1746 βο-

764 1751 803 1791 λῇ
830 1749 868 1782 ἐκ
898 1750 1013 1792 χειρός
1043 1763 1077 1783 τε
1109 1753 1163 1783 καὶ
1195 1749 1410 1792 σφενδόναις

762 1794 1002 1836 ἁμιλλωμένων
1039 1799 1123 1837 (ita
1156 1802 1201 1830 ut
1233 1808 1337 1830 arcu
1369 1803 1409 1829 et

762 1844 898 1884 peltis
934 1848 975 1874 et
1009 1844 1172 1876 iaculis
1209 1848 1251 1875 et
1288 1845 1407 1875 iactu

757 1890 953 1930 lapidum
991 1901 1010 1922 e
1041 1899 1165 1921 manu
1199 1894 1239 1921 et
1274 1890 1410 1922 funda

757 1935 879 1967 inter
915 1945 960 1967 se
1002 1935 1317 1990 contendant),
1353 1937 1408 1967 καὶ

758 1979 990 2021 διαθεμένους
1015 1977 1060 2013 αὖ
1088 1983 1164 2022 περὶ
1190 1980 1324 2014 τούτων
1347 1980 1407 2013 νό-

757 2036 846 2066 μους
888 2026 928 2060 τὰ
970 2029 1053 2071 γέρα
1101 2028 1156 2059 καὶ
1204 2026 1265 2060 τὰς
1311 2029 1409 2060 νικας

758 2072 929 2113 διανέμειν
955 2075 1002 2117 τῷ
1029 2072 1185 2106 κάλλιστα
1212 2071 1406 2107 ἀποδιδόν-

759 2131 787 2150 τι
833 2117 872 2151 τὰ
913 2121 990 2161 περὶ
1038 2121 1144 2152 ταῦτα
1187 2119 1312 2161 νόμιμα
1348 2121 1406 2161 (ei

760 2167 834 2207 qui
873 2168 1035 2208 optime
1080 2168 1325 2208 perfecerit
1360 2178 1408 2200 ac

759 2215 1044 2253 praestiterit
1093 2224 1202 2255 quae
1243 2215 1294 2246 de
1340 2214 1407 2245 his

761 2264 862 2291 sunt
896 2260 990 2302 lege
1026 2261 1308 2301 constituta).
1351 2260 1407 2292 De

760 2306 917 2346 genitivo
944 2306 1121 2339 nbsoluto
1157 2302 1407 2346 ἁμιλλωμένων,

760 2352 938 2384 intellecto
972 2347 1105 2389 αὐτῶν,
1139 2363 1171 2384 v.
1195 2353 1241 2385 ad
1268 2353 1405 2385 Phileb.

761 2408 795 2438 p·
819 2396 877 2432 45.
902 2398 942 2430 B.
968 2409 1011 2429 Ξ
1038 2409 1072 2439 p.
1099 2398 1178 2433 261.
1206 2399 1262 2430 ed.
1297 2398 1403 2430 Goth.

725 2483 730 2485 ξ
762 2444 848 2477 voe.
875 2442 1104 2485 σφενδόναις,
1140 2446 1244 2477 sicuti
1270 2443 1308 2476 ἐκ
1339 2455 1403 2486 χει·

763 2486 836 2529 ρός,
861 2491 1015 2531 pertinet
1039 2491 1083 2522 ad
1101 2491 1200 2533 βολῇ,
1226 2491 1323 2532 quod
1341 2501 1405 2523 no-

762 2546 841 2567 men
874 2538 1015 2568 verbale
1041 2538 1084 2569 de
1109 2547 1207 2569 more
1241 2548 1319 2569 cum
1344 2538 1404 2569 da-

762 2582 836 2614 tivo
863 2582 1087 2615 instrumenti
1109 2585 1280 2623 iungitur3
1308 2594 1337 2614 v.
1358 2584 1404 2616 ad

763 2627 894 2669 Cratyi.
922 2640 953 2670 p.
979 2628 1059 2663 423.
1095 2630 1140 2663 A.
1175 2629 1299 2671 Remp.
1333 2629 1401 2661 111.

763 2685 796 2715 p.
823 2673 902 2709 397.
928 2675 968 2707 Β.
1005 2675 1228 2708 Matthiae
1253 2675 1314 2709 Gr.
1340 2675 1402 2708 Gr.
