1644 2886
212 732 253 772 Ι)

282 96 361 135 286
750 95 1116 139 PLATONIS

281 218 441 265 φαῖμεν
481 206 537 249 ἂν
582 209 818 263 ὀρθότατα
862 214 1078 265 λέγοντες·
1113 211 1359 255 λανθάνειν
1392 211 1475 268 γὰρ
1511 215 1596 255 τιῦν

278 281 384 316 νεων
418 271 471 314 τὰ
508 269 606 325 ἤθη
639 273 917 327 μεθιστάντα
949 284 1020 320 καὶ
1055 286 1193 321 ποιεῖν
1227 278 1276 322 τὸ
1313 280 1391 331 μὲν
1413 277 1597 333 ἀρχαῖον

280 338 383 392 παρ’
423 337 575 388 αὐτοῖς
610 339 795 396 ἄτιμον,
833 340 882 385 τὸ
919 345 963 385 δὲ
1007 347 1103 386 νέον
1135 347 1324 399 ἔντιμον.
1357 343 1517 387 τούτου
1551 348 1596 387 δὲ

281 404 416 446 πάλιν
461 398 518 446 αὖ
566 408 668 458 λὲ)ω
714 410 791 449 τοῦ
839 425 882 450 τε
917 407 1112 466 ῥήιιατος
1149 427 1220 454 και
1254 412 1334 454 τοῦ
1380 409 1598 464 δόγματος

284 469 363 513 οὐκ
397 469 504 513 εἶναι
542 473 697 525 ζημιαν
729 475 852 527 μείζω
880 476 1040 526 πάσαις
1070 476 1259 520 πόλεσιν.
1293 476 1508 520 ἀκούσατε
1541 478 1597 527 δέ,

283 535 388 579 ὅσον
422 539 533 592 φημὶ
568 536 669 580 αὕτ’
711 539 816 582 εἶναι
851 541 997 585 κακόν.

388 603 484 644 ΚΛ.
539 597 610 645 'H
641 604 690 647 τὸ
726 609 946 664 ψέγεσθαι
983 606 1063 659 τὴν
1097 606 1367 663 ἀρχαιότητα
1406 610 1534 661 λὲγεις
1552 612 1597 650 ὲν

285 676 378 717 ταῖς
411 667 582 717 πόλεως

383 735 483 776 ΑΘ.

381 801 481 842 ΚΛ.
553 801 613 844 Οὐ
636 802 832 860 φαύλους
853 807 1000 847 τοίνυν
1019 804 1134 860 ἡμᾶς
1156 802 1214 847 ἂν
1232 804 1454 861 ἀκροατάς
1487 806 1597 862 πρὸς

279 862 418 908 αὐτὸν
453 865 530 908 τὸν
565 868 696 920 λόγον
728 872 840 924 ἔχοις
881 867 937 912 ἂν
973 874 1151 920 τοῦτον,
1186 870 1280 914 ἀλλ’
1317 870 1374 922 ὠς
1409 871 1596 916 δυνατὸν

278 932 624 987 ευμενεστατους.

376 999 474 1040 ΑΘ.
542 998 671 1050 Εἰκὸς
705 1001 825 1054 γοῦν.

375 1064 476 1106 ΚΛ.
545 1068 656 1119 Λέγε
685 1066 837 1121 μόνον.

378 1131 478 1172 ΑΘ.
533 1129 618 1175 Ἴτε
653 1130 719 1184 δή,
755 1129 959 1187 μειζόνως
980 1131 1118 1176 αὐτὸν
1141 1133 1391 1188 ἀκούσωμέν
1414 1150 1456 1176 τε
1476 1132 1594 1188 ἡμῶν

280 1194 429 1237 αὐτῶν
464 1197 535 1237 καὶ
569 1199 679 1252 πρὸς
709 1197 925 1250 ἀλλήλους
961 1196 1098 1249 οὕτως
1120 1199 1314 1254 εἴπωμεν.
1351 1198 1596 1254 μεταβολὴν

277 1261 361 1316 γὰρ
404 1259 456 1313 δὴ
501 1262 700 1315 πάντων,
736 1263 850 1316 πλὴν
894 1267 1059 1315 κακῶν,
1105 1265 1215 1308 πολὺ
1259 1265 1596 1324 σφαλερώτατον

279 1326 516 1382 εὑρήσομεν
551 1335 596 1372 ἐν
630 1328 765 1387 ὥραις
785 1331 958 1380 ποὶσαις,
978 1336 1023 1374 ὲν
1055 1331 1308 1386 πνεύμασιν,
1335 1338 1379 1374 ὲν
1411 1334 1597 1380 διαίταις
1640 1367 1644 1391 ·:

552 735 683 778 Πάνυ
716 738 795 790 μὲν
829 731 921 780 οὖν.

367 1471 412 1502 D.
462 1469 514 1503 ὠς
548 1470 731 1502 δυνατὸν
769 1469 1129 1514 εὐμενεστάτους]
1177 1460 1284 1505 Voss..
1325 1469 1597 1511 efiuemouiwvs·

284 1518 423 1558 vulgata
447 1518 483 1548 in
507 1526 614 1556 marg.
641 1517 825 1557 adscripta.

369 1560 411 1593 ἐν
443 1559 493 1592 ὥς
525 1562 626 1593 ἔπος
657 1561 789 1592 εἰπεῖν
815 1562 876 1603 ——]
910 1562 965 1594 Sic
1001 1565 1038 1594 Α.
1071 1561 1106 1593 Ω.
1132 1563 1154 1593 f.
1181 1563 1213 1592 h.
1240 1572 1265 1593 r.
1293 1562 1322 1592 ὃ.
1349 1574 1377 1593 ο.
1404 1573 1437 1593 x.

1488 1563 1595 1604 Vulgo

282 1606 318 1637 ἐν
341 1608 470 1639 aberat.

281 1730 491 1769 νοτομοῦντα
515 1730 568 1761 καὶ
592 1728 791 1771 είςφέροντα
809 1729 906 1762 illato

282 1787 314 1807 v.
340 1780 460 1807 annot.
491 1776 535 1807 ad
562 1775 739 1807 Theaetet.
772 1785 805 1816 p.
829 1775 905 1808 171.

1018 1725 1060 1758 ἐν
1095 1726 1270 1769 τρόποις
1305 1727 1464 1770 ψυχῶν]
1500 1730 1598 1763 Infra

973 1784 1006 1814 p.
1038 1773 1116 1807 803.
1149 1773 1194 1804 A.
1227 1771 1308 1804 κατὰ
1339 1771 1488 1815 τρόπους
1517 1774 1599 1807 τούς

328 1865 366 1897 C.
403 1864 637 1897 λανθάνειν
660 1863 735 1906 γὰρ
761 1865 835 1896 τῶν
859 1865 905 1905 ν.]

283 1912 469 1943 dicemus
517 1913 625 1942 enim
671 1912 758 1942 ista
803 1912 907 1943 clam

283 1958 486 1988 iuvenum
511 1967 648 1988 mores
671 1961 710 1987 et
729 1957 909 1996 ingenia

283 2007 466 2038 mutare,
492 2013 537 2034 ac
563 2007 712 2034 vetera.
740 2003 794 2033 iis
822 2002 909 2033 red-

285 2049 386 2080 dere
409 2049 532 2085 vilia,
551 2058 659 2079 nova
680 2053 817 2079 autem
841 2048 910 2078 ho-

285 2103 390 2124 nore
423 2094 566 2133 digna.
613 2093 699 2124 Mox
730 2090 817 2134 ῥῆμα
840 2098 910 2124 est:

285 2139 513 2177 iudicium,
539 2139 719 2177 dictum3
741 2139 910 2179 §wiotan-

283 2189 364 2222 tem,
389 2184 628 2237 pernicies,
656 2185 806 2224 pestis.

329 2208 374 2260 D.
438 2224 494 2260 Οὐ
534 2226 731 2267 φαύλους
767 2239 911 2260 τοινυν

288 2271 390 2315 ἦ-μᾶς
419 2273 486 2315 -]
523 2274 634 2305 Erant
665 2275 755 2305 enim
792 2274 911 2306 Cretes

284 2330 325 2352 ac
347 2320 614 2351 Lacedaemonii
644 2325 796 2352 veterum
812 2321 910 2351 insti-

285 2369 436 2397 tutorum
459 2365 680 2397 tenacissimi.

331 2408 538 2451 μειζόνως
567 2406 702 2442 αὐτόν
726 2406 911 2441 ἀκούσω-

286 2455 363 2495 μέν
388 2466 427 2487 τε
453 2452 561 2496 ἡμῶν
585 2451 739 2497 αι’-τῶν]
754 2455 912 2487 Pendent

287 2502 431 2542 genitivi
473 2511 515 2532 ex
551 2499 731 2542 μειζόνως,
774 2501 910 2541 magis

288 2557 412 2588 quam
447 2547 534 2588 ipsi
578 2547 774 2588 alioquin
815 2556 910 2578 eon-

288 2593 521 2631 suevimu83
543 2594 745 2624 maiorem
767 2592 810 2623 in
835 2602 910 2623 mo-

288 2638 391 2668 dum.
420 2648 452 2670 v.
479 2638 688 2670 Matthiae
713 2636 908 2677 Gr.§.452.

975 1818 1040 1850 τῶν
1064 1819 1190 1858 ψυχαῖν.
1223 1819 1279 1851 De
1294 1819 1379 1860 Rep.
1399 1818 1436 1850 V.
1461 1829 1494 1860 p.
1518 1820 1596 1856 449.

977 1866 1020 1896 A.
1046 1864 1119 1904 περὶ
1149 1862 1290 1895 ἰδιωτῶν
1319 1865 1426 1905 ’ψυχῆς
1458 1864 1599 1905 τρόπου.

1021 1908 1062 1940 ἐν
1087 1906 1138 1940 ὥς
1162 1910 1270 1942 ἔπος
1287 1909 1423 1942 εἰπεῖν
1446 1907 1495 1941 οὕ
1512 1916 1598 1944 τοῖς

975 1954 1066 1993 μὲν,·
1088 1958 1180 1986 τοῖς
1205 1952 1239 1987 δ’
1265 1953 1598 1997 01'2‘‚]Praepositio

976 1999 1027 2038 ἐν,
1051 2001 1159 2041 νυΙὲο.
1187 2002 1275 2033 male
1306 2002 1449 2041 omissa,
1474 2003 1550 2035 iure
1577 2002 1608 2036 δ’

978 2046 1171 2078 Bekkero
1196 2057 1237 2078 ex
1261 2047 1398 2088 optimis
1423 2048 1522 2079 codd.
1546 2058 1599 2081 re-

977 2096 1098 2123 vocata
1128 2096 1188 2124 est.
1240 2091 1368 2123 Similis
1400 2093 1599 2126 collocatio-

976 2138 1028 2168 nis
1054 2138 1211 2177 exempla
1228 2138 1311 2169 haec
1326 2142 1421 2171 sunt:
1446 2138 1500 2170 De
1514 2139 1598 2193 Rep.

976 2182 1076 2213 VIII.
1102 2193 1134 2223 p.
1156 2182 1233 2216 564.
1259 2185 1302 2214 A.
1333 2180 1382 2222 ἐξ,
1409 2178 1516 2222 οἶμαι,
1543 2186 1599 2226 τῆς

975 2224 1162 2269 ἀκροτάτης
1195 2227 1400 2281 ἐλευθερίας.
1446 2229 1535 2261 Ibid.
1564 2241 1598 2271 p.

977 2273 1054 2307 568.
1072 2273 1110 2304 C.
1137 2271 1184 2304 εις
1207 2271 1242 2304 δέ
1265 2283 1312 2314 γε,
1338 2284 1438 2312 οιμαι,
1464 2275 1521 2306 τὰς
1544 2273 1598 2306 ἅλ-

978 2320 1046 2350 aas.
1097 2319 1230 2349 politic.
1262 2329 1296 2359 p.
1329 2318 1408 2351 300
1440 2319 1480 2350 B.
1510 2318 1598 2362 παρὰ

978 2363 1040 2406 γὰρ
1072 2360 1161 2402 οἶμαι
1191 2361 1272 2394 τοὺς
1302 2362 1440 2402 νόμους.
1476 2366 1534 2397 ubi
1564 2377 1598 2397 v.

977 2420 1056 2442 ann.
1081 2409 1154 2440 Nec
1168 2410 1269 2449 plane
1287 2410 1464 2448 abludunt,
1482 2421 1598 2452 quam-

977 2457 1028 2487 vis
1053 2464 1179 2495 genere
1210 2454 1368 2495 diversa,
1398 2455 1496 2488 talia:
1521 2457 1596 2488 Xe-

977 2500 1099 2541 noph.
1137 2499 1254 2540 Symp.
1291 2500 1348 2532 lv.
1379 2499 1435 2534 55.
1467 2499 1519 2532 ἐπὶ
1557 2499 1598 2541 νὴ

976 2545 1045 2576 Δία
1069 2548 1138 2576 τοῖς
1167 2543 1326 2585 ἄφροσιν.
1374 2545 1480 2576 plat.
1513 2544 1598 2578 crit.

975 2601 1008 2631 p.
1035 2590 1086 2625 50.
1112 2591 1152 2622 E.
1181 2587 1268 2630 πρὸς
1290 2590 1348 2629 μὲν
1373 2588 1437 2633 ἄρα
1462 2600 1516 2622 σοι
1541 2589 1600 2622 τὸν

978 2635 1110 2676 πατέρα.
1157 2633 1377 2668 Τὴθοοῑίίιζ
1408 2635 1461 2669 18.
1493 2637 1600 2669 ἰῃ.“ὲί’
