1592 2872
401 907 1042 984 prolegomena

702 1028 757 1072 de

101 1133 311 1197 LEGUM
352 1134 496 1195 FmE
538 1134 619 1195 ET
663 1130 1134 1195 AUGTOR1TATE.
1176 1132 1234 1192 P.
1276 1134 1335 1194 ΙΙ.

387 1393 509 1471 Gap.
554 1390 659 1453 XV.
722 1390 972 1470 Segmeut.
1015 1391 1052 1451 1.

54 1517 326 1562 suscipitur
353 1518 531 1554 dehinc
547 1517 820 1562 disputatio
845 1517 909 1552 de
927 1516 1096 1561 operis
1123 1514 1307 1559 ton-mnu
1336 1527 1397 1553 ac

54 1575 259 1620 primum
290 1575 551 1620 exponitur
588 1575 652 1610 «le
688 1574 965 1620 argumenti
1004 1572 1306 1609 tractatione
1347 1575 1399 1610 et

79 1636 81 1639 ’
161 1633 438 1668 disserendi
464 1631 681 1667 artificio
706 1632 754 1666 Ιιι
779 1631 856 1667 his
886 1631 1026 1667 libris
1051 1630 1294 1667 adhibito.

54 1734 368 1813 Tractavimus
405 1771 615 1814 hactenus
658 1769 937 1813 materiam
979 1769 1147 1825 operis,
1191 1768 1398 1813 vidimus-

56 1842 156 1882 que,
187 1827 292 1882 quid
322 1828 375 1870 de
404 1828 534 1871 rebus
572 1829 618 1870 in
648 1842 699 1870 eo
730 1827 945 1883 expositis
974 1825 1160 1873 iudicari
1189 1834 1400 1884 oporteat.

57 1885 131 1940 Ag
162 1883 350 1927 redimur
391 1885 526 1942 igitur
563 1899 678 1927 nunc
718 1884 772 1926 ad
813 1884 1038 1930 formam
1078 1883 1170 1926 eius
1200 1884 1398 1927 conside-

56 1956 132 1982 ran
166 1956 246 1982 am.
316 1941 441 1995 Quae
480 1957 614 1996 quum
663 1941 709 1982 in
754 1941 839 1983 trib
873 1955 894 1983 s
923 1962 925 1968 ,
950 1940 1223 1997 potissimum
1272 1941 1401 1985 rebus

55 2003 282 2050 cernatur,
328 1999 373 2041 in
427 1997 655 2040 dialectica
700 2012 852 2054 argum
880 1997 943 2038 nti
993 1997 1260 2040 'tractatione
1309 1999 1400 2042 sive

55 2054 299 2098 disserendi
327 2056 514 2110 ratione,
546 2055 591 2097 in
622 2053 737 2096 dialo
770 2054 784 2096 i
814 2060 969 2097 ornatu
999 2061 1043 2096 et
1079 2054 1264 2098 artificio
1307 2071 1401 2100 sce-

57 2111 171 2166 nico,
203 2111 389 2169 denique
419 2113 464 2155 in
500 2111 710 2154 orationis
780 2111 900 2154 abitu
930 2111 1247 2168 verborumque
1283 2120 1399 2156 com-

58 2169 298 2225 positione,
339 2169 393 2214 de
435 2169 503 2212 his
543 2169 742 2212 omnibus
773 2167 923 2212 ordine
953 2167 1159 2226 deinceps
1186 2170 1401 2227 explicare

59 2233 102 2268 et
142 2233 352 2282 quatenus
395 2242 446 2270 ea
475 2242 572 2270 cum
602 2225 767 2268 ratione
798 2225 998 2269 Platonis
1028 2227 1296 2270 concordent
1326 2236 1402 2272 aut

56 2282 326 2341 discrepent,
369 2285 616 2328 accuratius
658 2282 898 2338 disquirere
936 2283 1256 2330 constituimus,
1313 2286 1402 2328 Ita—

56 2356 140 2397 que
177 2341 362 2398 primum
399 2341 717 2399 disputabimus
744 2339 798 2382 de
828 2340 1083 2398 argumenti
1113 2342 1402 2398 explicatione

60 2414 111 2441 ac
142 2399 311 2442 ratione
343 2398 588 2443 disserendi
617 2398 661 2440 in
691 2397 887 2454 Legibus
916 2405 1124 2455 usurpata

172 2478 231 2520 Et
280 2478 595 2536 argumentatio
652 2476 826 2533 quidem
882 2493 933 2520 ac
981 2477 1224 2520 disserendi
1275 2479 1400 2534 ratio,

62 2550 173 2589 quae
203 2537 247 2577 in
271 2536 466 2593 Legibus
497 2542 673 2593 regnat,
703 2534 778 2577 ubi
796 2534 1072 2578 considerata
1101 2535 1232 2578 fuerit
1255 2536 1399 2592 paullo

62 2592 327 2646 accuratius,
369 2593 567 2635 dubitare
607 2607 732 2635 nemo
773 2606 878 2634 sane
907 2593 1090 2648 poterit,
1134 2594 1238 2649 quin
1267 2594 1403 2637 multa

62 2650 239 2705 propria
280 2665 328 2692 ae
370 2650 604 2706 peculiaria
636 2650 793 2692 habere
822 2648 1054 2692 iudicanda
1094 2651 1165 2703 sit,
1207 2666 1316 2706 quae
1346 2652 1398 2694 ab
