1644 2886
491 88 574 131 DE
611 85 887 131 LEGIBUS
920 97 1008 129 etc„
1353 86 1417 128 LI

52 203 107 245 de
136 202 314 245 dotibus
344 202 547 245 oratoriis
578 204 724 259 operis
755 201 920 244 certius
949 206 1191 254 statuatur,
1223 199 1414 255 indeque
1475 248 1481 250 ξ

51 260 106 302 de
127 261 218 303 eius
241 259 328 301 fide
349 266 394 302 et
414 259 675 303 auctoritate
706 259 911 302 idoneum
942 263 1164 315 repetatur
1189 255 1414 300 iudicium.

164 374 321 429 Itaque
343 389 458 416 nunc
490 373 534 416 id
556 374 739 430 primum
771 387 968 429 agamus,
1000 378 1050 414 ut
1076 372 1257 415 formam
1289 372 1414 426 quasi

3 448 6 451 “
49 436 183 486 atque
221 431 454 488 imaginem
494 431 703 473 orationis
732 431 777 472 in
806 429 1006 486 Legibus
1040 435 1279 484 usurpatae
1307 444 1415 486 pau-

49 489 112 529 cis
145 487 466 530 adumbremus.
527 487 661 540 Quod
690 493 740 529 ut
768 502 978 543 prospero
1011 501 1172 541 operae
1205 499 1414 528 successu

49 545 143 586 fieri
175 551 320 600 queat,
353 551 453 587 ante
482 545 629 586 omnia
658 559 744 585 una
773 544 959 585 maxime
989 558 1059 584 res
1091 543 1285 585 tenenda
1316 544 1414 596 erit,

49 617 162 656 quae
194 601 281 644 dici
314 617 401 644 non
431 607 578 657 potest
608 607 820 656 quantum
861 599 916 641 ad
948 599 1123 642 dicendi
1155 614 1295 656 genus
1326 600 1414 642 Le-

48 659 178 714 gibus
236 658 405 714 privum
459 664 591 713 atque
650 658 875 714 proprium
926 663 1044 698 recte
1093 656 1414 699 aestimandum

49 716 204 757 valeat.
283 715 457 757 Etenim
504 714 736 771 diligenter
790 729 871 756 nos
922 713 1175 756 meminisse
1223 720 1412 770 oportet,

46 773 274 814 Platonem
303 772 348 813 in
371 773 424 814 iis
445 785 542 814 esse
567 772 844 827 antiquitatis
865 770 1171 826 scriptoribus,
1204 771 1281 826 qui
1310 786 1413 827 pro-

46 837 146 886 pter
173 829 380 871 materiae
412 829 675 885 scriptorum
707 844 884 872 suorum
918 827 1281 884 discrepantiam,
1311 843 1415 884 pro-

46 893 144 943 pter
182 892 451 943 temporum,
495 901 607 941 quae
639 892 950 943 respexerunt,
982 886 1255 936 varietatem,
1289 885 1413 928 deni-

48 959 132 999 que
171 944 299 985 etiam
339 950 521 1000 propter
560 945 739 993 aetatis,
773 958 859 997 qua
890 943 1185 1000 scripserunt,
1225 942 1410 985 diversi-

46 1007 179 1042 tatem
211 1001 359 1043 stilum
393 1016 517 1043 suum
549 1000 660 1043 adeo
691 1001 986 1055 variaverunt,
1019 1006 1068 1042 ut
1097 1000 1141 1042 in
1173 999 1270 1043 aliis
1304 1000 1410 1042 scri-

46 1058 136 1113 ptis
165 1073 297 1114 saepe
326 1057 455 1114 plane
487 1058 560 1099 alii
601 1057 836 1100 videantur
866 1063 911 1099 et
940 1063 1124 1114 propter
1153 1057 1252 1100 illas
1284 1072 1410 1100 caus-

46 1130 117 1157 sas
149 1114 259 1157 adeo
292 1115 381 1157 sint
412 1115 478 1156 sui
509 1114 756 1168 dissimiles,
789 1121 838 1157 ut
860 1114 1041 1157 difficile
1063 1113 1267 1157 videatur
1287 1114 1410 1170 ipsos

46 1172 208 1227 ubique
249 1188 328 1228 pro
359 1171 512 1214 iisdem
545 1187 800 1228 agnoscere.
862 1171 995 1226 Quod
1028 1171 1203 1227 quidem
1234 1172 1280 1213 in
1309 1171 1410 1213 Pla-

46 1236 146 1270 tone
185 1229 316 1285 longe
359 1230 558 1284 profecto
591 1235 657 1271 est
687 1229 1087 1283 evidentissimum,
1120 1229 1245 1271 cuius
1274 1228 1411 1271 libros

45 1286 172 1328 nobis
205 1286 454 1343 legentibus
491 1285 757 1328 admirabilis
789 1287 917 1342 plane
965 1292 1150 1342 apparet
1187 1285 1412 1328 doctrinae

44 1349 88 1385 et
118 1343 324 1396 rationis,
367 1343 472 1385 artis
516 1349 560 1385 et
590 1344 942 1399 compositionis,
984 1343 1174 1398 denique
1203 1342 1410 1385 dictionis

44 1405 177 1455 atque
206 1400 466 1443 elocutionis
498 1399 742 1443 diversitas.
802 1399 926 1442 Idem
970 1400 1084 1442 enim
1114 1400 1159 1441 in
1191 1399 1288 1442 aliis
1317 1398 1409 1442 dia-

43 1457 157 1513 logis
190 1463 257 1499 est
286 1457 468 1514 simplex
501 1464 545 1499 et
574 1458 813 1514 popularis,
845 1459 890 1499 in
917 1457 1013 1499 aliis
1046 1463 1202 1498 acutus
1233 1462 1277 1498 et
1307 1456 1410 1499 sub-

45 1514 152 1569 tilis,
186 1515 230 1556 in
261 1514 357 1557 aliis
389 1514 527 1556 elatus
559 1521 602 1556 et
623 1515 849 1570 copiosuS,
881 1515 927 1556 in
959 1515 1055 1557 aliis
1078 1513 1268 1569 denique
1299 1514 1409 1555 mix·

45 1582 134 1613 tum
166 1571 298 1614 habet
325 1571 500 1614 dicendi
538 1587 678 1627 genus
710 1578 754 1614 et
794 1572 913 1614 varie
951 1576 1269 1628 temperatum,
1308 1585 1409 1627 pro-

43 1628 109 1670 uti
146 1643 215 1671 res
246 1629 290 1670 in
321 1629 374 1671 iis
403 1635 619 1671 tractatae
650 1630 796 1672 variae
828 1636 932 1671 sunt
963 1636 1095 1684 atque
1125 1627 1408 1684 multiplices.

43 1685 260 1728 Nimirum
302 1701 483 1729 caussae
522 1686 583 1728 rei
623 1687 764 1743 primo
796 1686 1008 1743 adspectu
1040 1700 1250 1741 perquam
1281 1684 1408 1727 mira-

43 1742 170 1797 bilis,
217 1742 452 1785 dummodo
493 1759 547 1786 ne
591 1744 903 1799 praeiudicatis
952 1742 1236 1799 opinionibus
1289 1742 1409 1798 capti

44 1806 294 1854 teneamur,
336 1800 391 1842 ad
422 1799 704 1843 iudicandum
743 1816 833 1842 non
874 1799 985 1842 adeo
1017 1796 1287 1841 videbuntur
1326 1799 1410 1841 dif-

44 1856 197 1898 ficiles.
256 1856 372 1898 Nam
403 1857 590 1913 primum
624 1857 799 1912 quidem
831 1858 994 1914 scripta
1022 1855 1279 1912 philosophi
1308 1864 1417 1913 pr0-‘

45 1918 144 1969 pter
172 1919 384 1968 aetatem,
432 1929 519 1968 qua
548 1921 650 1956 sunt
681 1915 949 1970 composita,
990 1928 1204 1968 perquam
1236 1912 1411 1956 diversa

45 1976 170 2025 sunt,
211 1969 568 2026 quandoquidem
608 1970 694 2012 alia
723 1978 827 2012 sunt
857 1969 1173 2023 adolescentis,
1207 1969 1294 2012 alia
1320 1985 1409 2012 ma-

46 2033 169 2069 turae
200 2028 381 2081 aetatis,
415 2027 499 2069 alia
529 2027 813 2078 senescentis,
849 2032 898 2068 ut
927 2027 998 2068 vel
1029 2042 1080 2068 eo
1111 2027 1285 2069 nomine
1318 2041 1408 2069 ma-

44 2084 205 2126 ximum
235 2085 351 2126 inter
380 2085 477 2140 ipsa
509 2083 742 2126 discrimen
774 2083 984 2126 obtineat.
1045 2083 1222 2126 Deinde
1255 2083 1409 2126 soller—

44 2141 238 2184 tissimus
287 2141 561 2199 dialogorum
601 2141 755 2182 artifex
807 2140 936 2181 etiam
977 2138 1023 2182 id
1063 2147 1130 2183 est
1176 2146 1408 2196 sequutus,

44 2204 93 2240 ut
121 2200 360 2240 orationem
393 2204 746 2254 argumentorum
767 2198 964 2239 varietati
986 2197 1226 2253 prudenter
1253 2204 1410 2240 attem-

45 2256 287 2310 peraverit,
329 2254 688 2310 quandoquidem
736 2255 862 2298 facile
911 2255 992 2298 sibi
1033 2255 1252 2311 persuasit
1290 2254 1410 2297 aliud

46 2311 221 2354 dicendi
261 2328 402 2369 genus
439 2313 664 2369 proprium
712 2326 810 2354 esse
843 2319 1044 2369 oportere
1076 2311 1313 2355 subtilibus
1342 2327 1410 2354 re-

47 2384 138 2411 rum
191 2369 491 2412 abstrusarum
543 2369 940 2425 disputationibus,
997 2368 1117 2411 aliud
1174 2369 1410 2411 convenire

0 2469 14 2476 ,
49 2426 329 2482 explicationi
371 2441 549 2479 eorum,
591 2441 703 2481 quae
740 2441 794 2467 ex
824 2426 1040 2468 communi
1071 2426 1188 2468 vitae
1220 2441 1303 2468 usu
1335 2424 1410 2467 de·

48 2489 221 2538 promta
262 2490 436 2537 essent,
469 2483 587 2525 aliud
620 2490 770 2540 aptum
802 2497 898 2525 esse
926 2483 1214 2539 popularibus
1246 2498 1409 2524 sermo·

49 2539 208 2592 nibus,
250 2540 369 2582 aliud
399 2540 555 2583 decere
586 2556 728 2582 rerum
760 2555 1014 2596 magnarum
1047 2547 1178 2594 atque
1212 2539 1412 2595 gravium

48 2597 455 2640 commentationem
493 2598 560 2640 vel
608 2597 879 2650 suasionem,
912 2597 998 2638 alia
1027 2597 1122 2638 aliis
1156 2595 1412 2652 disputandi

48 2652 290 2696 rationibus
322 2669 419 2697 esse
442 2654 784 2697 accommodata.
845 2653 1049 2708 Denique
1071 2655 1270 2695 feruntur
1297 2654 1409 2695 enim

1052 2723 1088 2762 ι»
