1644 2886
210 94 291 137 DE
327 92 601 138 LEGIBUS
633 92 750 135 LlB.
787 91 862 134 VI.
910 93 956 136 P.
989 93 1083 135 751.
1116 91 1180 134 St.
1323 91 1397 130 107

35 211 230 268 μεγάλου
266 213 345 264 τῆς
381 213 658 266 νομοθεσίας
696 209 830 260 ὄντος
867 214 1020 264 ἔργου,
1064 210 1146 251 τοῦ
1185 206 1315 259 πόλιν
1352 201 1398 251 εὖ

37 283 447 334 παρεσκευασμένην
481 275 626 334 ἀρχὰς
660 279 999 330 ἀνεπιτηδείους
1033 277 1269 329 ἐπιστῆσαι
1305 283 1402 325 τοῖς

35 340 83 389 αὖ
118 351 330 398 κειμένοις
366 345 520 401 νόμοις
555 344 610 388 οὐ
647 346 792 400 μόνον
830 343 962 389 οὐδὲν
999 345 1132 387 πλέον
1170 336 1215 386 εὖ
1243 344 1397 385 τεθέν-

35 429 123 457 των
158 411 259 456 οὐδ’
301 412 369 456 ὅτι
408 416 538 466 γέλως
572 410 632 455 ἂν
668 411 906 467 πάμπολυς
945 413 1207 465 ξυμβαίνοι,
1244 407 1399 466 σχεδὸν

0 503 2 533 ζ
37 482 83 524 δὲ
116 481 288 535 βλάβαι
324 483 395 523 καὶ
432 482 574 534 λῶβαι
609 479 723 524 πολὺ
765 484 964 534 μέγισται
1012 486 1111 527 ταῖς
1146 477 1299 522 πόλεσι
1335 480 1394 531 γί-

0 547 1 550 “
37 546 203 605 yvontr'
248 544 308 589 ἂν
341 548 386 599 ἐξ
417 546 581 593 αὐτῶν.

141 615 242 656 ΚΛ,
319 617 422 665 Πῶς
457 613 544 671 γὰρ
582 612 670 668 οὕ;
708 629 719 635 “

313 684 457 725 Τοῦτο
486 684 640 724 τοίνυν
677 679 906 735 νοήσωμέν
941 694 1008 723 σοι
1049 681 1144 733 περὶ
1187 680 1264 731 τῆς
1303 680 1399 730 νῦν,

141 682 235 723 ΑΘ.

129 835 284 866 τοίνυν
323 833 575 877 νοήσωμεν]
617 833 654 865 V.
689 831 876 876 νοήσομεν,
910 838 1057 879 praeter.
1083 833 1187 880 fidem
1221 832 1394 865 codicum.

34 878 123 913 Nam
148 890 253 922 quum
284 881 365 914 Par.
392 881 432 913 B.
457 890 599 923 quoque
623 877 819 922 νοήσωμεν
842 880 1094 913 coniunctivum
1121 877 1264 919 habt-at,
1294 879 1395 911 etiam

34 925 66 957 in
95 925 198 958 Voss.
225 927 271 959 ita
296 928 467 970 scriptum
495 931 619 962 extare
645 927 865 968 colligimus,
900 927 960 968 qui
989 936 1067 959 cum
1097 926 1156 957 illo
1182 925 1214 957 in
1242 925 1396 968 plurimis

37 972 129 1004 solet
156 974 363 1006 consentire.

39 1083 298 1117 Loheckius
323 1083 367 1116 ad
384 1083 552 1125 Sophocl.
587 1086 679 1117 Aine.

37 1139 68 1160 v·
94 1128 175 1164 475.
239 1130 290 1163 Ad
323 1126 363 1162 εὖ
396 1129 565 1162 τεθέντων
598 1141 682 1164 vero

35 1174 296 1217 intelligendum
332 1181 387 1209 est
417 1171 552 1214 αὐτῶν,
585 1175 616 1209 li.
651 1187 682 1211 e.

37 1221 106 1252 τοῖν
130 1219 256 1261 νόμων,
284 1222 328 1255 de
346 1232 418 1263 quo
445 1232 509 1254 usu
538 1224 680 1264 loquen-

36 1267 70 1298 di
92 1277 123 1298 v.
151 1278 231 1300 mox
247 1279 280 1310 p.
295 1268 376 1303 755.
392 1269 430 1300 l).
459 1269 574 1310 ibique
601 1278 679 1301 anu.

37 1317 74 1344 et
103 1312 145 1344 ad
181 1310 263 1345 οὐδ’
297 1310 351 1346 ὅτι
394 1324 436 1347 ex
470 1315 680 1356 antegressis

35 1359 283 1392 assumendum
309 1358 430 1400 μόνον.
481 1361 618 1394 Quibus
634 1361 680 1393 ita

35 1406 239 1446 explanatis,
265 1407 413 1448 patebit,
441 1407 576 1448 opinor,
601 1417 680 1439 sen·

35 1450 179 1483 tentiam
215 1453 401 1485 verborum
436 1453 485 1484 sic
519 1453 594 1485 fere
620 1452 679 1484 de-

34 1496 231 1530 clarandam
272 1508 370 1532 esse:
422 1498 680 1540 Unicuique,

35 1543 214 1584 opinor,
256 1544 541 1587 perspicuum
582 1555 681 1578 esse

35 1587 171 1621 dehet
219 1589 312 1623 lioc'z
362 1599 486 1632 quum
540 1592 678 1631 legum

35 1635 226 1676 scriptio
270 1646 343 1668 res
391 1637 451 1668 sit
498 1638 678 1669 maximi

36 1682 265 1722 momenti,
292 1686 434 1714 tamen
461 1683 494 1714 si
518 1683 679 1714 civitas

37 1726 144 1759 bene
194 1729 439 1760 constituta
493 1729 678 1770 prudeu-

37 1775 195 1814 terque
226 1774 406 1815 legibus
431 1778 676 1815 temperata

36 1818 327 1859 magistratus
362 1819 596 1861 praeficiat
623 1823 676 1854 le·

35 1862 167 1903 gibus
218 1865 347 1897 bonis
383 1870 527 1906 parum
579 1867 677 1898 ido-

37 1918 163 1945 neos,
191 1919 268 1942 non
296 1910 423 1942 modo
455 1913 590 1951 legum
619 1923 678 1943 sa-

38 1954 218 1996 pienter
261 1957 533 1998 scriptarum
590 1959 678 1989 uul-

37 2000 119 2032 lam
161 1999 261 2033 fore
308 2002 585 2042 utilitatem,
633 2013 680 2035 ac

37 2055 117 2078 non
141 2050 302 2080 tantum
333 2048 465 2080 illius
499 2049 564 2081 rei
603 2050 681 2091 (τοῦ

38 2089 230 2133 ἐπιστῆσαι)
256 2103 440 2135 magnam
471 2095 678 2136 ineptiam

37 2147 85 2170 ac
145 2140 474 2181 stoliditatem,
536 2151 679 2174 verum

37 2180 167 2216 etiam
210 2190 375 2227 pestem
407 2197 455 2218 ac
488 2189 677 2228 pernici—

38 2238 99 2261 em
138 2230 267 2272 louge
313 2233 533 2264 maximam
582 2243 680 2266 esse.

38 2274 248 2309 futuram.
303 2276 374 2310 Sed
406 2279 452 2310 ita
477 2287 583 2320 quum
611 2281 676 2312 iam

38 2322 258 2362 apparuerit,
306 2323 387 2364 quid
434 2324 478 2356 de
519 2325 579 2357 illo
617 2326 680 2358 τοῦ

38 2363 214 2408 ἐπιστῆσαι
245 2368 392 2402 iudicari
425 2370 569 2408 debeat,
606 2376 676 2405 tum

39 2411 151 2445 etiam
166 2413 257 2446 aliud
271 2415 354 2456 quid
374 2415 597 2449 admonuisse
622 2418 675 2450 iu-

41 2455 144 2488 vabit.
160 2457 294 2492 Etenim
307 2461 562 2495 observandum
577 2474 678 2505 prae·

39 2505 134 2534 terea
159 2507 230 2544 est,
253 2506 287 2542 in
312 2507 406 2539 exitu
433 2509 565 2550 periodi
593 2510 674 2541 libe-

39 2547 164 2581 riorem
191 2559 271 2583 esse
294 2550 475 2586 decursum
494 2555 674 2587 orationis.

41 2591 129 2625 Nam
168 2593 222 2627 liic
257 2595 396 2637 quidem
435 2603 517 2641 post
549 2599 677 2642 βλάβαι

40 2638 94 2671 καὶ
119 2639 226 2680 λῶβαι
254 2648 397 2683 repente
420 2655 464 2677 ex
488 2646 677 2681 abundanti

39 2683 253 2726 subiungitur
292 2686 331 2727 ἐξ
361 2686 488 2726 αὐτῶν,
532 2694 674 2733 perinde

751 1096 790 1118 ac
830 1085 857 1117 si
898 1085 961 1117 τοῦ
1003 1082 1102 1116 πόλιν
1136 1101 1181 1106 -
1217 1080 1394 1122 ἐπιστῆσαι

749 1141 816 1165 non
843 1131 1084 1164 antecesserit.
1120 1128 1295 1162 Quocirca
1320 1137 1394 1159 rur-

751 1187 809 1209 sus
835 1177 1001 1210 habemus
1028 1173 1272 1213 anacoluthon,
1297 1174 1395 1205 cuius

751 1224 838 1256 ratio
875 1233 961 1255 sane
997 1223 1116 1265 paullo
1156 1225 1211 1252 est
1254 1220 1393 1252 intrica-

749 1270 830 1302 tior.
858 1269 935 1301 Nec
962 1274 1078 1302 tamen
1103 1266 1290 1308 quidquam
1316 1275 1395 1298 esse

749 1316 1006 1355 existimamus,
1032 1314 1124 1356 quod
1147 1315 1306 1354 legentes
1333 1321 1392 1343 co·

749 1366 808 1403 gat
840 1362 1036 1394 orationem
1076 1359 1233 1393 Platonis
1275 1357 1392 1391 defor-

751 1413 876 1440 matam
909 1413 1042 1448 putare.
1081 1405 1300 1445 Quamquam
1327 1413 1394 1436 non

749 1454 870 1486 inutile
902 1459 962 1486 aut
994 1460 1292 1494 supervacaneum
1328 1450 1394 1482 erit

750 1500 978 1540 iudicavisse,
1010 1498 1094 1541 quid
1122 1499 1186 1535 sit,
1210 1496 1304 1537 quod
1334 1497 1394 1527 riri

750 1545 843 1578 docti
876 1545 918 1578 de
945 1545 1100 1578 facienda
1128 1545 1194 1576 loci
1233 1543 1394 1575 mutatio-

749 1602 794 1623 ne
819 1594 1018 1625 statuerint.
1049 1589 1304 1633 Stephanus
1330 1588 1393 1629 igi-

749 1642 804 1669 tur
829 1639 941 1671 locum
970 1637 1096 1678 corrigi
1121 1636 1215 1668 iubet
1247 1636 1314 1667 sic:
1349 1632 1394 1665 ἐκ

748 1684 811 1715 τοῦ
835 1682 936 1716 πόλιν
959 1701 1000 1708 -—
1020 1682 1211 1727 ἐπιστῆσαι,
1238 1682 1258 1713 i.
1275 1692 1305 1715 e.
1332 1678 1393 1713 ἐὰν

747 1729 847 1762 πόλις
870 1728 1054 1773 ἐπιστήσῃ,
1086 1729 1159 1771 ipse
1184 1733 1298 1761 tamen
1327 1729 1393 1761 hac

746 1778 965 1810 correctione
995 1787 1060 1808 sua
1087 1776 1227 1808 minime
1251 1777 1392 1816 acquie-

747 1832 858 1854 scens.
908 1824 942 1855 A
982 1833 1052 1863 quo
1099 1821 1390 1854 Heindorfius

747 1868 901 1909 Specim.
927 1869 1074 1900 coniect.
1103 1878 1136 1909 p.
1162 1867 1220 1901 35.
1245 1869 1292 1900 ita
1318 1868 1389 1900 dis·

746 1915 875 1952 cessit,
931 1919 970 1945 ut
1023 1915 1137 1945 locum
1188 1914 1390 1946 lacunosum

748 1969 826 1991 esse
859 1963 1002 1992 censeat
1037 1964 1144 2000 atque
1181 1958 1246 1991 hoc
1285 1958 1391 1992 modo

749 2006 902 2044 expleat:
930 2005 994 2037 τοῦ
1006 2003 1106 2037 πόλιν
1120 1999 1160 2036 εὖ
1178 2015 1390 2046 παρεσκευα-

749 2050 874 2091 σμένην
911 2047 1017 2092 ἇρχὰε
1049 2050 1264 2093 ἐπιτηδείους
1293 2052 1390 2092 ἔχειν,

748 2095 786 2127 ἐκ
812 2097 875 2128 τοῦ
900 2094 1006 2139 ἀρχὰς
1035 2094 1293 2140 ἀνεπιτηδείους
1317 2096 1388 2130 ἑπι-

749 2143 871 2183 στῆσαι
902 2155 931 2175 κ.
958 2155 982 2177 t.
1010 2144 1036 2176 λ.
1097 2145 1186 2176 Huic
1220 2154 1302 2176 vero
1331 2155 1389 2177 as-

747 2190 898 2221 sentitur
921 2191 1025 2222 etiam
1057 2191 1177 2223 Astiu
1188 2201 1217 2230 s,
1243 2191 1291 2222 ita
1317 2192 1390 2232 qui—

748 2234 840 2275 dem,
856 2239 892 2267 ut
902 2241 983 2277 post
996 2236 1320 2278 παρεσκευαῖγμὲνην
1331 2247 1389 2269 ea-

748 2280 825 2312 dem
845 2287 944 2323 putet
958 2283 1142 2323 excidisse,
1159 2293 1249 2324 quae
1260 2283 1290 2315 H
1303 2283 1339 2316 ei
1350 2293 1388 2315 n-

748 2325 916 2359 dorfius
936 2329 1087 2370 suppleri
1109 2329 1229 2369 voluit,
1255 2329 1387 2369 reliqua

748 2382 831 2404 vero
863 2374 910 2405 ita
946 2375 1050 2406 scribi
1088 2374 1204 2408 rn‘alit:
1246 2373 1281 2405 εἰ
1310 2370 1386 2406 ἅνε-

747 2417 942 2459 πιτηδειόυε
961 2418 1138 2463 ἐπιστήσαι
1159 2425 1230 2453 τοῖς
1255 2414 1295 2451 εὖ
1320 2431 1387 2452 κει-

746 2462 862 2502 μένοις
874 2463 1006 2505 νόμοις.
1024 2467 1182 2509 Denique
1195 2467 1221 2498 S
1230 2465 1276 2497 ch
1285 2476 1327 2498 ra
1338 2477 1386 2499 m-

749 2511 860 2542 inius
900 2513 1053 2554 Specim.
1087 2513 1126 2544 ll.
1163 2524 1195 2555 p.
1229 2512 1284 2545 12.
1326 2521 1388 2554 pro

737 2556 824 2587 τοῦ
865 2555 965 2589 πόλιν
1001 2559 1151 2591 coniecit
1194 2558 1239 2599 τῷ
1279 2556 1388 2596 πόλιν,

745 2602 838 2643 quod
858 2602 898 2636 C.
924 2603 990 2636 Fr.
1018 2605 1293 2637 Hermaunus
1319 2614 1387 2637 non

745 2647 918 2682 dubitavit
959 2649 1099 2683 Platoni
1137 2651 1229 2684 ultro
1258 2650 1387 2693 imper—

743 2695 817 2734 tiri,
866 2704 969 2736 quum
1017 2701 1133 2730 tamen
1174 2696 1244 2729 isto
1284 2700 1386 2738 pacto
