1644 2886
491 82 665 125 LIBRl
699 82 970 126 SEPTIMI.
1333 86 1414 126 243

0 213 1 217 ¹
47 211 132 255 que
151 198 356 241 iuvenum
376 197 650 241 saltationem
683 198 860 253 impune
890 195 987 238 aliis
1029 200 1190 238 utatur.
1250 194 1413 250 Quem-

46 254 283 298 admodum
341 255 456 297 enim
514 254 629 296 inter
690 269 816 296 sacra
863 252 1008 296 verbis
1054 252 1168 295 male
1207 252 1414 296 ominatis

45 312 111 355 uti
147 312 329 368 impium
367 311 568 366 habetur,
611 310 678 353 sic
706 311 836 353 etiam
866 309 990 352 chori
1032 309 1204 364 absint,
1254 310 1330 367 qui
1367 309 1414 352 in

45 367 225 411 deorum
254 369 379 411 festis
408 368 464 410 im
500 368 544 410 ia
572 374 617 410 et
643 366 835 410 absurda
854 366 1132 423 proferentes
1152 366 1263 409 nihil
1292 365 1414 409 aliud

43 440 174 480 quam
202 425 417 479 oratione,
443 383 648 481 rliythmo
679 435 723 466 et
756 423 984 466 harmonia
1013 422 1286 466 audientium
1316 423 1412 466 ani-

43 496 136 524 mos
174 481 324 537 pravis
363 481 566 524 sensibus
606 480 833 535 afficiunt,
871 495 1037 535 eosque
1076 479 1132 522 ad
1163 480 1411 523 miseratio-

42 552 165 593 nem,
216 537 391 592 fletum,
435 537 791 580 lamentationem
851 551 1127 579 commovere
1176 543 1410 591 conantur,

72 609 131 637 uo
169 595 339 638 scilicet
375 594 586 637 victoriae
628 595 870 651 praemium
909 595 964 636 ab
1006 593 1117 649 ipsis
1146 601 1409 651 reportetur.

42 610 214 705 Quodsi
243 658 391 693 tamen
421 652 542 694 cives
566 657 769 707 oporteat
790 649 1040 692 huiusmodi
1070 651 1410 693 lamentationes

41 707 215 762 audire,
258 708 412 750 saltem
461 708 608 764 potius
647 708 730 749 erit
766 705 944 749 aliunde
982 721 1206 750 arcessere
1247 707 1408 750 choros

40 765 146 807 foris
186 764 446 818 conductos,
479 764 554 819 qui
594 764 798 821 lugubria
835 763 922 806 ista
972 764 1163 806 carmina
1202 764 1407 816 fundant,

41 821 175 864 veluti
219 822 295 877 qui
333 821 534 864 mercede
584 820 792 863 conducti
843 818 1003 862 Carica
1043 819 1231 876 quadam
1272 822 1408 864 Musa

41 877 267 920 deducunt
302 884 513 920 mortuos.
582 876 672 920 Sed
715 893 803 920 non
841 876 972 919 modo
1011 884 1105 919 arte
1142 878 1312 920 musica
1350 877 1407 920 ad

38 934 172 992 impia
201 935 320 977 abuti
349 934 632 977 interdictum
663 935 742 986 sit3
773 934 884 976 illud
915 948 1093 989 quoque
1119 934 1406 977 sanciendum

40 991 122 1033 erit
150 991 352 1048 publice,
380 997 433 1034 ut
471 991 585 1033 inter
615 991 832 1033 sacrificia
862 991 992 1032 etiam
1023 1005 1178 1046 preces
1209 991 1267 1033 ad
1297 991 1405 1034 deos

38 1046 170 1103 fiant,
211 1053 343 1103 atque
381 1063 434 1090 ea
476 1061 502 1089 a
540 1047 626 1089 diis
669 1053 876 1104 petantur
917 1053 961 1090 et
989 1056 1250 1102 exorentur,
1292 1063 1404 1104 quae

38 1117 140 1147 vere
183 1104 430 1161 expetenda
471 1105 576 1159 sint,
608 1119 658 1146 ac
688 1105 864 1161 publice
896 1119 1073 1159 quoque
1104 1105 1237 1159 bona,
1270 1105 1402 1159 iusta,

38 1160 222 1204 honesta
260 1161 517 1204 habeantur.
592 1163 743 1216 Atque
789 1161 857 1203 his
888 1165 950 1202 ita
980 1161 1220 1217 exploratis
1250 1162 1404 1204 rectis-

37 1217 146 1260 sime
171 1218 268 1260 fieri
297 1224 460 1274 potest,
490 1223 541 1259 ut
571 1217 655 1261 diis
685 1218 839 1260 laudes
868 1232 966 1260 cum
990 1218 1196 1272 precibus
1226 1218 1404 1261 iunctae

38 1280 275 1328 canantur,
316 1280 367 1316 ut
407 1274 547 1332 geniis
586 1281 632 1316 et
679 1275 884 1317 heroibus
920 1289 1073 1330 preces
1115 1289 1213 1318 eum
1249 1275 1402 1318 lauda-

39 1331 234 1374 tionibus
272 1330 584 1385 adhibeantur,
626 1337 676 1374 ut
706 1331 896 1386 denique
927 1331 1135 1386 mortuis,
1170 1332 1245 1387 qui
1275 1348 1397 1388 prae-

38 1386 156 1429 clara
202 1387 422 1430 ediderint
469 1402 625 1444 opera,
678 1388 872 1430 carmina
922 1394 1137 1431 canantur
1194 1391 1264 1445 (p.
1307 1389 1401 1434 799.

36 1443 89 1488 Ε.
120 1469 175 1476 -
206 1446 302 1487 802.
342 1445 441 1500 A.).
475 1470 528 1475 —
609 1444 724 1489 Sunt
768 1451 912 1487 autem
951 1446 1144 1487 carmina
1183 1452 1228 1487 et
1266 1446 1400 1488 salta-

35 1500 178 1544 tiones
239 1501 302 1543 sic
349 1501 633 1544 instituenda.
720 1501 934 1544 Revocari
990 1501 1047 1543 ad
1096 1516 1270 1544 carmen
1321 1518 1400 1558 par

36 1563 103 1600 est
148 1558 424 1613 antiquorum
471 1559 736 1601 musicorum
786 1573 920 1614 opera
966 1564 1011 1600 et
1058 1564 1286 1614 poemata,
1350 1567 1400 1601 ut

36 1614 326 1668 retineantur,
371 1615 407 1658 si
448 1629 559 1669 quae
589 1615 634 1657 in
664 1615 718 1657 iis
748 1621 852 1658 sunt
881 1614 1055 1670 legibus
1087 1622 1396 1670 consentanea,

36 1684 147 1726 quae
177 1685 280 1714 vero
309 1672 349 1714 ei
380 1673 599 1714 contraria
631 1678 894 1728 appareant,
926 1671 1036 1714 haec
1066 1688 1089 1714 e
1118 1673 1298 1715 civitate
1329 1688 1397 1715 re-

35 1734 303 1771 moveantur.
365 1727 541 1785 Quippe
581 1729 729 1771 sobria
768 1729 899 1771 Musa
935 1738 978 1770 et
1006 1741 1123 1771 recte
1154 1735 1397 1785 temperata

37 1784 113 1839 qui
151 1784 364 1827 educatus
401 1785 560 1839 fuerit,
590 1785 653 1839 is,
704 1785 742 1827 si
781 1785 903 1827 audit
945 1786 1233 1840 contrariam,
1278 1792 1396 1828 certe

35 1855 130 1882 eam
161 1840 465 1896 aspernabitur
502 1848 548 1883 et
574 1847 785 1896 tanquam
833 1841 1089 1883 illiberalem
1131 1848 1396 1885 contemnet.

35 1897 271 1939 Praeterea
300 1903 454 1940 cantus
485 1897 804 1952 attemperandi
834 1903 937 1940 sunt
966 1897 1099 1939 etiam
1128 1912 1260 1941 sexus
1290 1899 1393 1941 viri-

33 1952 88 1995 lis
128 1959 173 1995 et
201 1954 425 1997 muliebris
462 1954 721 2007 rationibus,
754 1968 895 2009 eoque
926 1954 1102 1996 nomine
1130 1954 1264 1998 variis
1292 1954 1392 1997 har-

35 2009 193 2054 moniis
245 2016 289 2053 et
339 2011 532 2053 numeris
585 2009 899 2067 distinguendi.
980 2010 1098 2052 Nam
1145 2011 1251 2054 viris
1290 2026 1394 2054 con-

35 2067 181 2109 veniet
218 2067 413 2110 musicae
453 2082 618 2125 genus,
661 2066 782 2122 quod
820 2068 989 2110 animos
1029 2067 1208 2110 roboret
1256 2073 1300 2110 et
1337 2068 1396 2111 ad

34 2122 336 2166 fortitudinem
366 2129 562 2181 promtos
593 2123 779 2175 efficiat3
810 2124 1064 2167 mulieribus
1091 2124 1394 2168 accommoda-

35 2179 123 2222 tius
173 2180 256 2222 erit
305 2195 445 2238 genus
495 2186 701 2223 cantuum
753 2180 1027 2223 moderatum
1075 2195 1127 2223 ac
1183 2181 1392 2225 sobrium.

35 2235 127 2278 Iam
165 2251 268 2280 vero
307 2238 344 2280 si
384 2237 610 2292 quaeritur
648 2236 703 2279 de
741 2237 930 2281 musices
960 2237 1159 2280 doctrina
1196 2244 1240 2281 et
1267 2238 1393 2281 insti-

35 2293 227 2347 tutione,
270 2309 340 2336 res
382 2293 503 2335 brevi
546 2293 732 2349 quadam
763 2294 1095 2337 adumbratione
1125 2294 1394 2337 declaranda

36 2348 221 2391 videtur.
280 2349 456 2392 Etenim
488 2350 624 2393 serias
655 2365 723 2393 res
754 2351 868 2393 serio
900 2350 1045 2394 studio
1076 2366 1100 2393 a
1135 2366 1206 2393 ere
1237 2351 1389 2403 decet3

36 2404 153 2447 leves
195 2421 245 2448 ac
283 2407 474 2450 ludicras
511 2422 601 2449 non
631 2407 749 2448 item.
808 2408 893 2450 Est
921 2414 1067 2450 autem
1097 2367 1204 2450 gens
1234 2415 1392 2450 natura

38 2474 118 2503 sua
155 2463 269 2504 omni
299 2463 446 2506 studio
477 2470 520 2505 et
549 2463 714 2506 honore
745 2463 928 2521 dignus;
971 2464 1103 2506 homo
1133 2470 1310 2517 contra,
1340 2470 1392 2506 ut

39 2531 171 2573 supra
209 2518 419 2575 diximus,
462 2520 531 2562 dei
578 2519 799 2575 quoddam
837 2519 1075 2563 ludibrium
1116 2526 1208 2574 est,
1254 2519 1389 2575 idque

39 2573 184 2627 putari
224 2573 354 2618 debet
394 2576 504 2620 adeo
533 2577 578 2619 in
609 2578 707 2632 ipso
742 2578 951 2633 optimum
981 2592 1090 2620 esse.
1148 2577 1280 2619 Hanc
1307 2577 1390 2643 igi-

39 2634 109 2671 tur
141 2630 352 2673 rationem
382 2648 597 2689 quemque
617 2634 741 2687 sequi
775 2648 825 2675 ac
854 2639 1001 2675 tenere
1032 2638 1220 2690 oportet,
1252 2639 1296 2676 et
1327 2639 1390 2677 ita

1019 2712 1122 2752 16*
