1644 2886
519 51 691 95 LIBRI
725 52 926 97 SEXTI.
1355 55 1407 92 97

40 167 134 207 756.
175 165 228 207 B.
272 189 325 195 —-
369 167 459 211 758.
492 166 578 221 R).
612 190 667 198 -
738 165 1004 209 Accedimus
1035 165 1091 208 ad
1121 164 1405 208 sacerdo-

38 228 136 264 tes.
191 221 393 276 Quorum
434 222 508 265 alii
538 228 666 265 erunt
696 223 924 279 perpetui,
957 221 1032 266 alii
1060 222 1208 265 annui.
1272 221 1331 264 Et
1363 221 1407 263 hi

37 277 215 333 quidem
256 280 414 323 sortito
458 280 714 336 capiantur,
745 280 808 322 ita
838 286 1008 334 tamen,
1039 285 1089 322 ut
1118 279 1203 322 nisi
1234 293 1405 322 morum

37 336 266 390 castitate,
311 337 428 379 vitae
468 337 720 379 innocentia
759 343 804 379 et
843 337 1017 393 generis
1048 336 1277 380 honestate
1311 337 1406 377 fue-

36 393 125 434 rint
152 392 342 449 probati,
374 409 554 436 munera
583 393 769 450 adipisci
800 409 888 436 non
920 394 1105 451 possint.
1176 393 1272 436 Nec
1313 393 1405 434 cui-

37 464 167 504 quam
207 450 456 492 sacerdotio
498 451 647 505 aliquo
686 450 810 506 fungi
850 451 1007 505 liceat,
1049 449 1135 493 nisi
1173 450 1249 505 qui
1281 464 1404 491 sexa-

36 505 159 563 ginta
187 522 400 549 annorum
431 514 615 550 aetatem
648 506 846 563 attigerit
876 509 938 563 (p.
965 509 1060 551 759.
1094 508 1187 562 A.).
1219 532 1273 538 —
1335 506 1404 549 Si-

35 562 196 605 militer
227 563 416 617 ⁴creandi
467 570 570 607 sunt
613 564 742 606 etiam
783 563 963 618 aediles,
1009 564 1085 619 qui
1142 564 1404 619 templorum

35 626 188 676 gerant
212 635 377 674 curam,
408 621 589 675 aediles,
615 620 776 675 quibus
809 621 867 663 sit
886 635 993 662 cura
1016 621 1182 663 viarum
1216 628 1260 663 et
1292 635 1404 676 quae

34 682 136 719 sunt
164 676 251 719 alia
281 677 412 721 huius
438 678 627 734 generis,
656 677 844 732 denique
867 678 1137 734 agoranomi,
1168 678 1243 732 qui
1274 678 1403 720 rebus

34 733 272 777 vendendis
306 741 351 777 et
380 733 574 778 emendis
613 734 938 791 praeficiantur.
1001 733 1091 777 Sed
1122 734 1316 777 redimus
1347 734 1402 775 ad

33 805 102 833 res
143 806 302 835 sacras.
372 792 520 848 Leges
559 792 697 848 igitur
739 791 796 833 ad
828 791 978 833 divina
1009 797 1262 847 spectantes
1293 791 1402 833 Del-

32 847 130 904 phis
171 848 386 904 petendae
430 854 618 892 suntet
647 848 912 904 interpretes
946 847 1002 890 ad
1041 849 1119 891 has
1152 848 1401 901 constituti,

33 906 70 946 si
111 920 198 960 qua
238 921 348 963 opus
379 906 539 960 fuerit,
582 904 835 948 adhibendi.
909 905 1004 947 Iam
1037 921 1140 948 vero
1173 906 1301 947 etiam
1333 921 1401 948 re-

32 961 309 1017 ligionum
357 964 714 1019 interpretes
764 963 1010 1018 (ὲξηγηται)
1061 962 1241 1004 creandi
1281 968 1399 1016 sunt,

33 1018 151 1073 quod
191 1019 286 1061 fieri
327 1026 500 1076 oportet
538 1020 724 1062 maxima
763 1035 862 1062 cum
901 1019 1127 1077 religione.
1197 1019 1258 1062 Hi
1293 1034 1399 1061 vero

33 1075 121 1117 sint
150 1078 355 1132 perpetui
385 1092 467 1119 nec
496 1076 582 1119 nisi
614 1091 712 1119 cum
742 1083 881 1119 morte
913 1092 1070 1119 munus
1103 1092 1230 1119 suum
1261 1076 1398 1132 depo-

31 1138 138 1174 nant
169 1134 233 1188 (p.
256 1134 352 1176 759.
373 1132 487 1176 Ibid.
518 1133 608 1187 E.).
644 1158 692 1164 -
752 1133 891 1175 Porro
911 1134 1237 1176 constituantur
1267 1148 1398 1189 pro-

31 1197 336 1234 curatores
384 1191 581 1246 (ταμίαι)
621 1191 904 1246 pecuniae
954 1205 1150 1233 sacrae
1194 1190 1398 1232 aliarum-

33 1261 117 1301 que
147 1261 290 1288 rerum
311 1263 546 1301 sacrarum,
577 1247 714 1290 veluti
746 1262 990 1300 nemorum,
1024 1263 1229 1304 agrorum
1249 1261 1396 1289 sacro-

31 1318 123 1344 rum
166 1309 210 1344 et
239 1304 459 1346 fructuum
507 1306 569 1359 (p,
603 1306 700 1346 759.
734 1304 788 1348 E.
821 1305 918 1347 760.
951 1305 1047 1359 A.).
1107 1310 1259 1359 Atque
1288 1303 1398 1346 haec

29 1359 204 1414 quidem
243 1360 297 1403 de
335 1362 466 1403 rebus
514 1362 664 1404 sacris.
738 1361 969 1418 Pergimus
1009 1360 1065 1402 ad
1109 1361 1209 1403 alia.
1270 1360 1397 1402 Nihil

28 1431 131 1459 vero
171 1417 216 1459 in
247 1424 342 1460 tota
376 1418 554 1460 civitate
586 1417 786 1460 custodia
818 1433 965 1460 carere
995 1418 1063 1460 fas
1095 1424 1176 1461 est.
1236 1417 1395 1472 Itaque

29 1473 185 1516 urbis
217 1475 540 1518 custodiam
572 1483 743 1532 agant
773 1474 934 1529 duceS,
967 1475 1272 1529 centuriones,
1304 1489 1395 1516 ma-

29 1529 155 1586 gistri
193 1533 417 1586 equitum,
450 1531 739 1589 phylarchae,
781 1539 1017 1589 prytaneS,
1050 1538 1094 1574 et
1127 1546 1230 1574 vero
1262 1531 1395 1574 etiam

29 1585 190 1629 aediles
229 1595 272 1630 et
309 1604 451 1631 rerum
492 1589 711 1631 venalium
757 1595 997 1632 curatores.
1068 1590 1251 1646 Agros
1293 1603 1393 1630 au-

26 1650 135 1685 tem
166 1659 471 1700 procurare
502 1646 809 1689 iubeantur
844 1662 1047 1703 agrorum
1091 1645 1300 1702 praefecti
1343 1659 1395 1687 ac

26 1700 215 1743 tribuum
246 1703 466 1759 principes
522 1703 667 1746 annui.
730 1702 856 1757 Quae
887 1718 956 1746 res
988 1703 1106 1745 hunc
1136 1703 1182 1744 in
1214 1701 1393 1745 modum

27 1757 297 1801 instituenda
335 1761 429 1802 erit.
510 1759 757 1802 Duodecim
797 1760 964 1814 tribus,
1008 1775 1193 1815 quarum
1233 1760 1393 1814 cuique

27 1819 157 1855 antea
205 1814 508 1860 duodecimam
564 1832 767 1873 agrorum
816 1823 985 1872 partem
1053 1816 1390 1873 assignavimus,

27 1870 224 1926 singulae
265 1873 347 1915 sibi
389 1873 546 1927 quinos
576 1873 833 1929 praeficiant
860 1873 1065 1915 tribunos
1097 1887 1284 1928 annuos,
1317 1873 1393 1927 qui

25 1942 168 1969 rerum
200 1930 457 1971 rusticarum
476 1945 624 1971 curam
655 1935 823 1984 gerant,
855 1929 1140 1984 ἀγρονόμους
1169 1935 1214 1971 et
1243 1946 1389 1982 φρου-

23 1981 229 2038 ράρχους.
305 1986 477 2028 Horum
535 1986 720 2041 quisque
774 2002 829 2028 ex
865 1986 983 2028 tribu
1027 2001 1108 2028 sua
1147 1985 1391 2029 duodecim

24 2039 220 2097 iuvenes,
254 2043 328 2099 qui
349 2049 534 2085 aetatem
557 2043 744 2084 habeant
774 2043 933 2100 viginti
953 2058 1167 2085 annorum
1197 2042 1389 2086 necdum

24 2097 290 2149 tricesimum
321 2115 481 2141 annum
513 2100 837 2155 superaverint,
879 2100 963 2142 sibi
1001 2106 1212 2155 tanquam
1243 2100 1388 2143 socios

27 2160 71 2196 et
108 2155 332 2200 ministros
363 2156 590 2214 adiungat,
623 2157 698 2212 qui
729 2172 859 2214 agros
886 2163 1126 2214 peragrent
1154 2163 1289 2212 atque
1322 2157 1391 2199 vi-

24 2210 170 2267 sitent,
206 2213 268 2256 ita
289 2213 479 2269 quidem,
511 2220 562 2256 ut
591 2229 740 2257 omnes
770 2229 822 2256 ac
851 2214 1014 2271 singuli
1041 2214 1267 2271 paullatim
1297 2213 1392 2256 uni-

28 2282 174 2311 versae
208 2276 347 2313 terrae
378 2285 509 2325 quam
535 2271 905 2314 accuratissimam
936 2270 1158 2328 accipiant
1177 2270 1391 2314 notitiam.

25 2323 195 2368 Horum
225 2342 384 2370 munus
415 2328 474 2370 sit
505 2326 683 2382 videre,
716 2334 766 2370 ut
793 2327 904 2370 fines
936 2328 990 2370 ab
1022 2328 1215 2375 hostium
1245 2328 1391 2370 incur-

29 2379 224 2427 sionibus
250 2385 334 2427 tuti
365 2390 591 2439 maneant,
631 2392 679 2427 ut
709 2384 818 2427 locis
849 2383 1018 2428 idoneis
1048 2385 1320 2427 munimenta
1346 2390 1390 2426 et

26 2438 207 2482 castella
250 2447 554 2495 exstruantur,
597 2447 648 2483 ut
680 2440 994 2497 prohibeantur
1025 2456 1235 2497 aquarum
1264 2441 1392 2483 inun-

25 2491 250 2551 dationes,
293 2505 426 2554 atque
467 2498 704 2541 necessarii
735 2497 1037 2553 aquaeductus
1067 2504 1112 2540 et
1146 2498 1292 2541 fossae
1323 2497 1390 2540 in-

24 2549 276 2608 stituantur,
307 2553 495 2610 denique
525 2561 574 2598 ut
609 2555 833 2598 securitati
859 2561 902 2597 et
931 2555 1148 2597 fertilitati
1183 2569 1389 2611 agrorum

24 2607 130 2651 satis
161 2617 441 2666 prospectum
473 2612 675 2655 videatur
705 2617 762 2668 (p.
795 2613 896 2654 760.
933 2615 983 2653 Α.
1006 2636 1060 2642 —
1085 2613 1185 2653 761.
1223 2611 1312 2667 ss).
1337 2636 1391 2644 --

81 2688 167 2721 Fiat.
197 2689 285 2731 (ἱρῇ.
317 2692 395 2723 voi.
426 2692 465 2725 Χ.
495 2693 589 2726 Soet.
619 2693 667 2725 11.
1100 2693 1119 2731 7
