1644 2886
226 92 279 132 38
704 92 1078 135 PLATO‘NIS

226 211 296 249 καὶ
338 207 559 262 μανότερα
605 211 712 260 ἔχων
747 206 998 262 ἀμφότερα,
1034 209 1084 266 τῇ
1131 208 1216 249 τῶν
1250 206 1429 257 ἡδονῶν
1451 207 1549 251 ἐκοί-

230 290 351 328 τερος
394 271 596 326 ἑκάτερον
638 272 939 327 ὑπερβάλλων,
984 276 1032 332 τῇ
1084 275 1159 324 τῆς
1201 272 1353 325 λύπης
1382 278 1552 316 ἐκείνων

155 341 197 381 l)
226 337 584 393 ὑπερβαλλόντων
620 338 794 389 αὐτούς,
831 337 854 382 ὁ
888 341 968 393 μὲν
999 340 1197 394 ἀνδρεῖος
1232 337 1310 382 τὸν
1345 338 1498 390 δειλόν,
1525 338 1550 382 ὁ

226 405 520 461 ὄὲ“φρο’νιμος
554 402 631 446 τὸν
667 404 865 462 ἄφρονα,
902 407 1086 456 νικῶσιν,
1120 404 1222 454 ὥςτε
1259 404 1404 456 ἡδίους
1440 404 1550 448 εἶναι

230 469 331 520 τοὺς
365 472 490 524 βίους
524 471 625 512 τῶν,
644 472 763 524 βίων,
782 473 992 528 σώφρονα
1027 474 1098 513 καὶ
1124 472 1328 525 ἀνδρεῖον
1351 474 1420 513 καὶ
1440 471 1550 529 φρό-

231 553 356 590 νιιιον
390 552 462 579 και
495 533 684 589 ὑγιεινὸν
721 539 862 579 δειλοῦ
897 554 968 579 και
994 536 1194 614 ἄφρονος
1215 554 1286 579 και
1304 537 1552 580 ακολαστου

228 620 299 644 και
345 602 585 651 νοσωδους,
633 605 704 645 καὶ
750 603 989 656 ξυλληβὸην
1035 601 1112 646 τὸν
1148 603 1306 659 ἀρετῆς
1347 603 1553 658 ἐχόμενον

231 667 342 711 κατὰ
384 671 511 724 σῶμα
554 667 580 720 ἦ
625 686 724 711 και
741 686 850 711 κατα
896 667 1042 727 ψυχὴν
1077 672 1154 711 τοῦ
1191 671 1267 720 τῆς
1299 672 1554 724 μοχθηρίας

232 740 432 790 ἐχομένου
465 737 565 788 βίου
601 733 702 784 {mim
736 752 779 778 τε
814 735 924 778 εἶναι
958 752 1028 778 και
1052 743 1142 784 τοῖς
1163 733 1313 784 ἄλλοις
1335 735 1554 790 ὑπερέχειν

323 864 388 895 καὶ
419 862 649 906 μανότερα]
677 864 788 895 Prave
818 864 922 905 vulgo
950 861 1142 904 μανώτερα;
1165 873 1245 896 nam
1276 860 1383 902 μάνυε·
1405 863 1554 903 penulti-

234 919 321 940 mam
353 910 525 950 producit.
558 920 587 940 v.
614 909 777 941 Dindorf.
806 909 955 941 Praefat.
983 909 1027 940 ad
1057 907 1234 940 Gaisfordi
1272 908 1399 940 poetas
1424 907 1553 940 Minor.

232 954 274 985 T.
302 954 325 985 Ι.
349 965 381 996 p.
405 955 457 986 Vl'.
482 955 536 986 ed.
561 954 653 995 lips.
679 960 713 986 et
737 954 908 995 Spitzner.
935 954 1082 985 Prosod.
1107 954 1137 995 ξ.
1163 954 1241 988 193.
1266 954 1299 987 2.
1323 963 1406 985 ann.
1430 953 1556 994 Bergk.

233 1001 362 1032 Anacr.
387 999 500 1031 Carm.
524 1000 662 1042 Reliqq.
689 1011 722 1041 p.
748 1000 814 1035 269
839 1010 916 1041 sqq.
952 1000 1078 1031 Veram
1103 1000 1309 1040 scripturam
1332 1003 1447 1030 tuetur
1459 999 1556 1030 Mon.

233 1049 266 1075 et
290 1045 366 1077 cod.
397 1043 434 1077 Ω.
461 1056 525 1087 piu,
552 1047 654 1077 sicuti
678 1050 822 1077 testatur
845 1045 1036 1077 Bekkerus.

322 1091 366 1121 D.
414 1089 624 1131 ἑκάτερον
650 1087 952 1132 ὑπερβάλλων]
979 1085 1438 1130 ἑκατέρουῦπερβολῆΜοιι.
1461 1089 1557 1121 Idem

235 1202 355 1241 Antig.
398 1212 427 1232 v.
473 1200 553 1235 114:
590 1202 711 1244 λευκῆς
748 1200 863 1242 χιόνος

235 1245 373 1286 πτέρυξ,
403 1246 471 1278 ala
510 1249 665 1279 niveae
701 1248 862 1279 albitu-

235 1293 369 1329 dinis,
404 1302 431 1323 s.
469 1293 576 1324 alba.
626 1292 712 1324 Oed.
750 1293 791 1324 T.
832 1304 862 1323 v.

233 1337 319 1372 533·
346 1349 365 1378 η
383 1334 524 1368 τοσόνδ’
543 1338 626 1378 ε’χεις
643 1336 762 1391 τόλμηης
779 1336 862 1379 πρό-

237 1393 364 1414 σωπον.
382 1384 406 1414 i.
422 1393 451 1414 e.
470 1381 660 1423 πρόσωπον
683 1381 773 1415 οὕτω
792 1384 863 1414 τολ-

235 1426 355 1470 μηρόν.
391 1428 522 1460 Eodem
552 1430 654 1461 modo
679 1434 782 1471 atque
806 1430 863 1460 hic

238 1475 387 1515 Eurip.
424 1475 547 1506 Bacch.
581 1486 612 1506 v.
646 1474 731 1508 388:
759 1472 778 1506 ὁ
809 1475 876 1506 reis

239 1517 379 1560 ἡσυχίας
402 1520 537 1559 βίοτος,
561 1520 596 1551 h.
622 1530 651 1551 e.
679 1520 759 1560 βίος
783 1516 866 1561 ἥσυ-

238 1574 317 1605 χοςς
348 1566 441 1606 quod
482 1566 578 1596 vides
610 1564 711 1606 plane
742 1576 866 1597 conve-

238 1612 313 1642 nire
338 1620 412 1641 cum
439 1611 639 1642 Platonicis.
689 1611 757 1642 Sed
782 1611 867 1642 haec

239 1656 322 1688 satis
348 1657 413 1687 erit
436 1656 541 1687 verbo
569 1657 742 1696 tetigisse;
769 1666 866 1687 usum

237 1702 402 1742 loquendi
432 1702 521 1732 enim
553 1702 680 1733 dudum
705 1702 867 1741 explana-

237 1751 319 1779 runt
346 1747 569 1779 Hermann.
603 1748 646 1778 ad
678 1746 797 1787 Viger.
831 1756 864 1786 p.

237 1792 306 1826 890
330 1802 380 1832 sq.
411 1793 454 1824 ad
479 1792 680 1833 Sophocl.
711 1792 796 1824 Oed.
823 1791 865 1823 T.

238 1850 271 1869 v.
312 1837 390 1871 826.
427 1838 556 1869 Electr.
593 1849 624 1868 v.
659 1837 714 1871 19.
745 1838 867 1877 Antig.

238 1895 270 1915 v.
289 1883 365 1916 114.
392 1882 577 1914 Seidler.
604 1883 647 1914 ad
674 1883 790 1922 Eurip.
812 1883 867 1914 El.

240 1941 271 1960 v.
303 1929 381 1962 651.
410 1929 624 1960 Matthiae
655 1927 716 1959 Gr.
752 1927 869 1967 Gr.''§.

238 1975 317 2009 316.
334 1974 356 2004 f.
374 1975 432 2014 al.‚
457 1980 495 2005 ut
514 1974 670 2015 profecto
695 1975 870 2012 miremur,

241 2021 454 2051 Zellerum
488 2021 510 2050 l.
542 2031 570 2051 c.
603 2030 635 2060 p.
666 2019 720 2053 96.
744 2020 779 2050 in
805 2019 869 2049 hac

240 2066 508 2097 constructionis
531 2066 668 2096 ratione
691 2064 869 2096 offenden-

240 2116 319 2142 tem.
369 2112 421 2142 Ac.
444 2122 488 2142 ne
506 2111 660 2142 Platonis
686 2120 784 2141 usum
809 2110 869 2141 de—

242 2157 391 2191 sideres,
431 2157 475 2187 ad
512 2157 655 2187 eandem
700 2156 869 2186 rationem

241 2201 642 2243 philosophus-Phaedr.
667 2210 699 2241 p.
723 2201 801 2234 276.
824 2200 868 2233 D.

245 2248 334 2279 dixit
358 2245 394 2278 τὸ
420 2244 530 2287 λήθης
554 2246 672 2287 γῆρας,
689 2246 724 2277 h.
752 2256 780 2277 e.
808 2255 871 2277 se-

243 2297 395 2325 nectus
426 2293 659 2335 obliviosa.
707 2293 759 2323 De
789 2292 870 2323 reli-

245 2349 390 2380 quorum
406 2339 588 2370 verborum
602 2338 869 2374 constructione,

244 2388 328 2416 satis
351 2384 513 2415 intricata
544 2383 605 2413 illa
634 2387 667 2414 et
695 2383 870 2423 perplexa,

244 2431 329 2462 haec
361 2430 512 2461 tenenda
539 2433 628 2459 sunt.
689 2429 798 2459 verba
832 2428 871 2468 τῇ

247 2476 311 2506 τῶν
347 2472 480 2515 ἡδονῶν
519 2478 552 2505 et
589 2473 627 2513 τῇ
667 2474 726 2515 τῆς
764 2471 870 2514 λύπης

246 2519 645 2562 significant2ratione
671 2520 869 2559 volupta-

246 2571 329 2597 tum
359 2570 399 2597 et
429 2565 598 2598 doloris
638 2565 800 2602 habita;
831 2565 869 2596 si

251 2612 490 2652 voluptates
523 2615 565 2642 et
594 2610 868 2642 doloremre-

248 2658 464 2695 spicimns.
503 2656 593 2689 Dein
611 2653 767 2695 ἑκάτερος
791 2655 869 2695 βίος

931 1211 1001 1233 non
1034 1205 1085 1233 est
1116 1197 1135 1232 ὖ
1167 1201 1335 1242 φρόνιμος
1357 1200 1436 1240 βίος
1460 1200 1513 1232 καὶ
1539 1197 1558 1231 ό

930 1242 1104 1287 ἀνδρεῖος,
1141 1247 1242 1278 sicuti
1278 1247 1408 1277 Astio
1447 1247 1559 1277 visum

931 1296 994 1331 est,
1011 1287 1150 1324 verbau‘
1173 1289 1212 1332 δὴ
1240 1289 1389 1332 σώφρων
1411 1309 1455 1314 ——
1480 1287 1558 1323 ἀκο-

931 1335 1054 1368 λάστου
1079 1337 1249 1368 eiicienda
1272 1337 1474 1376 arbitranti;
1499 1336 1560 1367 sed

929 1384 1045 1424 potius
1071 1383 1235 1423 cuiusque
1267 1383 1359 1414 vitae
1382 1391 1445 1422 par
1468 1382 1560 1413 inter

930 1439 966 1460 se
991 1429 1215 1467 contrarium,
1230 1427 1297 1459 hoc
1311 1431 1373 1467 est,
1390 1428 1459 1458 vita
1476 1432 1560 1458 tem-

930 1483 1055 1515 perans
1071 1478 1105 1505 et
1119 1474 1368 1513 intemperans
1381 1478 1443 1507 etc.
1470 1472 1560 1524 Tum

932 1521 1045 1551 verbis
1076 1519 1260 1559 proximis:
1291 1516 1448 1558 ἑκάτερος
1482 1514 1558 1549 ἑκά-

932 1576 1029 1604 τερον
1083 1561 1318 1604 ὐπερβάλλων,
1370 1564 1559 1604 paullulum

932 1611 1138 1641 obscuratur
1175 1610 1360 1648 sententia,
1391 1609 1559 1648 siquidem

931 1665 994 1696 pro
1034 1652 1191 1690 ἑκάτερος
1232 1650 1391 1693 ἑκάτερον
1433 1653 1559 1684 elarius

933 1701 999 1732 dici
1015 1700 1143 1741 potuit
1159 1697 1288 1730 ἐκεῖνος
1301 1699 1433 1729 τοῦτον.
1457 1697 1560 1735 Quod

931 1747 1043 1798 ipsum
1067 1750 1180 1776 tamen
1204 1744 1429 1784 significatur,
1454 1743 1562 1783 parti-

932 1792 1031 1844 cipio
1049 1790 1132 1830 ἔχων
1164 1790 1208 1821 ad
1235 1786 1252 1819 ὁ
1274 1786 1319 1830 δὴ
1346 1786 1494 1829 σώφρων
1517 1805 1561 1810 -

935 1836 988 1867 καὶ
1012 1847 1030 1866 0
1058 1832 1225 1875 φρόνίμθς
1241 1851 1282 1858 -·
1298 1835 1351 1865 καὶ
1378 1845 1396 1865 0
1421 1834 1479 1875 ϊῆέ
1502 1829 1560 1864 ἀν’

936 1880 1048 1922 &pelas
1071 1880 1339 1912 accommodato.
1381 1880 1453 1911 Iam
1478 1888 1561 1910 vero

935 1933 1078 1959 numero
1116 1925 1242 1967 plurali
1278 1926 1448 1965 pergitur.
1479 1921 1562 1954 ἐκεί-

937 1983 1007 2003 ran
1028 1968 1289 2012 ὑπερβαλόντων
1308 1966 1444 2007 αυτούς,
1469 1969 1562 2010 quod

937 2018 1075 2059 quidem
1107 2017 1186 2047 ideo
1224 2016 1278 2055 fit,
1310 2016 1391 2055 quia
1425 2013 1563 2045 ε’κειιων

935 2063 1084 2094 refertur
1107 2063 1151 2093 ad
1174 2062 1264 2092 vitae
1287 2060 1561 2101 intemperantis,

935 2109 1131 2149 insipientis
1172 2110 1211 2138 et
1243 2106 1387 2146 ignavae
1422 2115 1560 2146 genera.

937 2154 1107 2192 Quocirca
1121 2149 1248 2183 αὐτούς
1265 2155 1332 2183 est:
1359 2148 1440 2182 τοὺε
1460 2150 1563 2204 sstovs

939 2197 1124 2239 σώφρονας
1148 2208 1201 2228 και
1215 2197 1407 2237 φρονιμους
1433 2207 1486 2227 και
1503 2191 1561 2226 ἆν-

938 2244 1081 2286 δρειόυε.
1128 2243 1286 2283 Denique
1317 2252 1421 2283 quum
1447 2242 1560 2272 nomi-

936 2290 1045 2322 nativi
1076 2288 1338 2320 antecesserint:
1374 2284 1393 2318 ὁ
1423 2284 1465 2327 δὴ
1496 2284 1561 2317 σοι’-

939 2345 1052 2376 φρων
1062 2352 1102 2356 —
1128 2333 1212 2373 ἔχων
1235 2329 1423 2374 ἀμφότερα,
1447 2336 1561 2363 tamen

936 2381 1092 2422 pergitur
1115 2380 1180 2412 sic:
1207 2374 1225 2409 ὁ
1243 2376 1302 2418 μὲν
1325 2375 1479 2418 ἀνδρεῖος
1503 2375 1562 2407 τὸν

937 2425 1045 2458 δειλόν
1078 2435 1106 2454 κ.
1139 2436 1164 2456 τ.
1203 2424 1244 2461 λ.,
1274 2425 1418 2464 perinde
1456 2433 1496 2454 ac
1531 2423 1559 2454 si

936 2471 1105 2504 sententia
1135 2469 1298 2501 cnussalis
1331 2470 1384 2500 vel
1416 2468 1560 2509 genitivi

935 2517 1085 2550 absoluti
1111 2520 1212 2546 antea
1235 2515 1347 2546 locum
1365 2513 1559 2547 habuerint.

935 2561 1037 2600 Quod
1084 2566 1197 2594 tamen
1243 2561 1414 2591 neminem
1459 2559 1560 2590 facile

935 2607 1136 2640 morabitur.
1172 2604 1295 2646 Neque
1315 2606 1413 2646 illud,
1426 2604 1561 2645 opinor,

936 2662 1138 2694 quemquam
1177 2650 1344 2691 offendet,
1377 2651 1467 2691 quod
1506 2650 1560 2680 hic
