1644 2886
255 102 306 141 36
701 112 703 115 ’
743 97 1104 141 PLATONIS

254 214 387 267 λητόν
427 231 467 257 τε
504 216 573 255 καὶ
610 212 818 256 ἀκούσιον
851 212 1000 257 ἰδόντα
1039 218 1098 263 εἰς
1133 215 1266 269 νόμον
1285 217 1422 270 ἐαυτῷ
1445 215 1573 268 tago?-

254 297 385 335 μενον
434 279 482 322 τὸ
531 281 660 335 φίλον
709 276 802 333 ἅμα
849 281 920 321 καὶ
965 277 1046 330 ἡδὺ
1088 283 1158 321 καὶ
1209 278 1390 336 ἄριστόν
1425 297 1469 323 τε
1503 285 1574 323 καὶ

255 347 482 388 κάλλιστον
517 344 721 398 ἑλόμενον
757 346 834 396 ζῆν
875 343 932 394 ὡς
970 344 1063 388 οἷόν
1101 346 1138 386 τ’
1181 348 1295 389 ἐστὶν
1329 344 1574 403 ἄνθρωπον

187 434 224 475 Ε
254 412 591 466 μακαριιότατας
634 412 815 464 λέγωμεν
859 412 910 460 δὴ
955 410 1163 469 σώφρονα
1206 414 1304 467 βίον
1349 417 1424 456 ἕνα
1467 413 1575 457 εἶναι

256 483 326 520 και
369 479 588 534 φρόνιμον
635 480 710 519 ἕνα
756 478 827 518 καὶ
870 481 945 519 ἕνα
991 478 1069 520 τὸν
1114 476 1341 534 ἀνδρεῖον,
1383 481 1454 521 καὶ
1499 479 1576 522 τὸν

255 544 442 594 υγιεινον
484 544 583 596 βίον
626 547 700 585 ἕνα
745 542 1005 596 ταξώμει9α’
1038 549 1109 585 καὶ
1144 544 1316 595 τούτοις
1352 539 1446 589 οὖσι
1486 551 1574 589 τέτ-

255 625 407 662 ταρσιν
451 613 672 658 ἐναντίους
714 606 871 658 ἄλλους
921 617 1145 664 τετταρας,
1183 611 1386 669 ἄφρονα,
1423 611 1598 660 δειλόν,>

254 675 521 725 ἀκόλαστον,
558 674 736 725 νοσώδη.
767 690 973 732 σωφρονα
1010 678 1087 720 μὲν
1121 668 1200 718 οὖν
1232 679 1331 731 βίον
1365 675 1389 720 ὁ
1426 677 1576 732 γιγνώ-

254 757 365 784 σκων
403 740 536 792 θήσει
569 742 711 797 πρᾶον
746 744 813 782 ἐπὶ
840 740 984 783 πάντα
1006 744 1078 783 καὶ
1096 742 1305 797 ἠρεμαίας
1326 746 1404 798 μὲν
1423 743 1575 793 λύπας,

258 808 465 862 ἠρεμαίας
501 809 545 849 δὲ
578 806 753 858 ἡδονάς,
775 805 976 862 μαλακὰς
996 811 1039 850 ὸὲ
1068 811 1307 863 ἐπιθυμίας
1326 813 1398 852 καὶ
1416 814 1577 865 ἔρωτας

258 872 335 916 οὐκ
375 878 575 929 ἐμμανεῖς
619 871 940 928 παρεχόμενον·
982 872 1231 916 ἀκόλαστον
1273 877 1317 917 δὲ
1362 874 1466 927 ὀξὺν
1507 879 1576 919 ἐπὶ

149 949 227 990 734
257 941 402 982 πάντα
436 942 509 982 καὶ
542 937 740 996 σφοδρὰς
773 941 852 992 μὲν
885 940 1044 989 λύπας»,
1080 938 1276 998 σφοδρὰς
1319 944 1362 984 δὲ
1400 941 1575 995 ἡδονάς,

256 1004 491 1054 συντόνους
525 1007 570 1048 δὲ
604 1008 675 1048 καὶ
713 1004 955 1062 οἰστρώδεις
974 1009 1211 1061 ἐπιθυμίας
1249 1024 1290 1050 τε
1323 1011 1395 1050 καὶ
1417 1012 1576 1064 ἔρωτας

256 1071 312 1121 ὡς
332 1069 427 1114 οἷόν
448 1088 492 1114 τε
509 1069 855 1125 ἐμμανεστάτους
879 1071 1193 1128 παρεχόμενον·
1222 1071 1576 1128 ὑπερβαλλούσας

260 1141 303 1180 δὲ
351 1143 395 1179 ἐν
435 1144 511 1192 μέν
559 1139 618 1191 τῷ
648 1136 848 1195 ,σώφρονι
883 1139 963 1192 βίῳ
999 1135 1077 1187 τὰς
1113 1137 1272 1189 ἡδονὰς
1306 1141 1392 1181 τῶν
1428 1139 1573 1195 ἀχθη-

260 1203 420 1252 δόνων,
455 1208 500 1246 ἐν
544 1205 587 1246 δὲ
624 1205 684 1257 τῷ
726 1202 957 1258 ἀκολάστῳ
990 1200 1078 1263 ζτὰς
1113 1203 1252 1254 λύπας
1288 1209 1371 1250 τῶν
1408 1206 1577 1259 ἡδονῶν

345 1345 386 1376 Ε.
433 1344 615 1400 λέγωμε]
639 1342 684 1386 δὴ
711 1342 932 1387 σώφρονα]
961 1335 1098 1387 λέγομει
1127 1345 1164 1378 Ω.
1188 1352 1274 1380 teste
1298 1348 1467 1382 Bekkero.

347 1387 501 1426 δειλά»
526 1386 780 1427 ἀκόλαστον,
806 1389 984 1432 νοσώδη.
1015 1389 1243 1434 σώφρονα]
1269 1394 1483 1427 Haeeverba
1507 1404 1573 1426 om.

258 1434 351 1467 Mon.
378 1445 504 1467 errore.

344 1480 384 1512 Ρ.
408 1479 484 1514 734.
503 1501 507 1503 -
533 1480 599 1511 καὶ
625 1477 908 1523 πυκνότησιν]
939 1491 1118 1524 πνκνοτητι
1130 1483 1225 1516 Mon
1241 1489 1275 1516 et
1293 1484 1326 1515 V.
1351 1485 1440 1526 quod
1458 1493 1575 1532 errore

256 1525 338 1557 oiim
362 1527 397 1557 in
424 1530 504 1558 vett.
530 1526 627 1557 editt.
653 1536 728 1559 esse
753 1527 963 1568 scripsimus.

950 1640 1133 1683 definiatur
1150 1652 1360 1691 accuratius3
1383 1653 1479 1684 cuius
1493 1661 1575 1683 usus

948 1696 1017 1728 alia
1042 1698 1197 1738 exempla
1220 1703 1300 1728 sunt
1323 1697 1514 1738 Euthyphr.
1541 1706 1574 1737 p.

257 1659 360 1681 mum
394 1654 434 1681 et
465 1648 805 1691 pulcherrimum
828 1651 882 1682 si-

256 1695 297 1727 bi
348 1696 517 1736 eligens
568 1695 699 1727 vitam
754 1697 884 1736 degat

259 1750 378 1782 quam
402 1740 722 1773 beatissimam?
761 1741 803 1773 In
828 1741 883 1773 his

259 1785 497 1827 προαιρεῖσθαι
518 1789 571 1817 est
593 1790 766 1817 nostrum:
791 1796 882 1818 vor-

259 1841 280 1862 n
291 1831 383 1863 ehm
394 1841 444 1864 en
457 1855 466 1871 ‚
481 1830 720 1872 significatque
734 1832 880 1872 explo-

255 1877 436 1908 randum
460 1877 527 1908 vel
557 1876 883 1909 examinandum

257 1931 424 1954 sumere
455 1925 494 1954 et
527 1921 705 1962 eligere.
758 1920 884 1960 Quam-

258 1967 376 1999 obrem
392 1963 619 2008 προελόμενον
635 1965 716 1998 ἰδεῖν
730 1967 765 1998 in
780 1977 884 1998 unum

258 2013 422 2054 coniungi
454 2012 567 2044 debet.
600 2011 733 2044 Phileb.
763 2022 797 2053 p.
825 2011 882 2046 45.

258 2058 307 2090 E:
337 2056 468 2090 οὐκοῦν
494 2055 624 2089 τούτων
638 2055 730 2089 τινὰς
743 2055 884 2098 προελό-

257 2113 359 2141 μενον
384 2101 437 2134 δεῖ
465 2102 680 2135 σκοπεῖσθαι.
728 2102 882 2144 Sophist.

258 2158 291 2188 p.
315 2147 394 2182 254.
418 2147 463 2180 Cx
489 2146 709 2189 προελόμενοι
741 2148 806 2179 τῶν
830 2158 882 2187 με·

259 2194 382 2234 γίστωγ
405 2193 593 2235 λεγομένων
615 2190 705 2224 ἅττα.
748 2193 834 2225 Phil.
848 2203 881 2234 p.

256 2237 314 2272 52.
339 2238 389 2270 E:
415 2236 634 2280 προελόμενοι
664 2238 799 2280 πρῶτον
823 2235 883 2270 αυ’-

258 2284 324 2315 uffae
347 2282 384 2315 ἓν
407 2294 436 2316 τι
460 2282 693 2323 διασκοπῶμεν
704 2285 748 2316 al.
772 2284 882 2316 Parti-

258 2329 388 2370 cipium.
408 2327 523 2360 ἰδόντα
546 2339 628 2361 vero
658 2339 777 2361 rursus
807 2339 882 2361 eum

259 2371 443 2415 ταξάμενον
456 2375 618 2415 coniungi
633 2375 743 2414 debet,
757 2375 884 2416 quippe

259 2421 356 2452 euius
385 2421 564 2452 notionem
593 2421 786 2453 accuratius
823 2421 882 2452 de-

257 2465 345 2497 finit.
376 2464 604 2504 Quamobrem
624 2475 757 2498 comma
779 2466 883 2506 vulgo

257 2515 338 2543 ante
360 2509 409 2542 εἰς
440 2509 546 2550 νόμον
576 2511 709 2542 illatum
742 2510 882 2543 sustuli-

257 2566 343 2587 mus.
376 2555 510 2597 Quippe
532 2561 781 2588 coacervantur
804 2565 882 2596 par-

258 2601 376 2642 tieipia
393 2611 414 2634 a
433 2600 577 2634 Graecis
593 2611 661 2633 non
677 2602 882 2642 interposita

257 2647 380 2687 copula
413 2656 453 2679 ea
481 2647 572 2689 lege,
607 2651 643 2678 ut
680 2647 774 2679 aliud
810 2647 880 2679 alio

948 1740 982 1775 5.
1007 1741 1052 1773 D.
1083 1751 1116 1782 p.
1140 1741 1171 1775 4.
1199 1741 1237 1774 O.
1281 1741 1367 1774 crit.
1392 1753 1424 1783 p.
1446 1741 1500 1776 50.
1529 1742 1572 1773 A.

948 1785 1055 1827 Gorg.
1089 1797 1122 1827 p.
1155 1786 1232 1822 479.
1262 1788 1304 1819 D.
1349 1787 1504 1828 Sophist.
1540 1797 1573 1827 p.

949 1831 1026 1866 230.
1058 1830 1103 1862 D.
1150 1831 1220 1864 Sed
1249 1834 1350 1873 plura
1380 1833 1577 1864 adscribere

950 1878 1063 1918 piget,
1088 1887 1191 1918 quum
1221 1887 1275 1909 res
1305 1878 1502 1920 neutiquam
1533 1877 1578 1909 sit

951 1923 1109 1954 abstrusa
1132 1927 1191 1954 aut
1214 1924 1401 1955 recondita.
1449 1923 1504 1954 Ad
1529 1921 1577 1953 sle

951 1965 1058 2006 νόμον
1091 1966 1274 2008 ταξάμενον
1308 1969 1369 1999 int.
1393 1964 1492 2004 αυτό,
1540 1971 1577 1997 ut

951 2023 1041 2045 vana
1072 2014 1117 2044 sit
1141 2012 1351 2054 Stephani
1381 2014 1577 2044 coniectura

949 2068 1013 2099 pro
1037 2057 1085 2089 εἰς
1117 2059 1319 2100 corrigentis
1345 2053 1423 2089 ειτα.
1470 2057 1576 2089 Prae-

949 2109 1045 2135 terea
1075 2105 1248 2136 notandus
1279 2107 1331 2135 est
1368 2113 1450 2135 usus
1479 2103 1577 2134 verbi

952 2147 1015 2186 δεῖ,
1040 2150 1131 2190 quod
1164 2159 1265 2190 quum
1298 2158 1366 2180 non
1397 2149 1510 2189 possit
1532 2148 1577 2180 ad

949 2194 1155 2226 infinitivum
1178 2194 1239 2235 ζῆν
1261 2194 1396 2234 referri,
1410 2203 1472 2234 per
1495 2203 1576 2226 ana-

950 2239 1113 2271 coiuthon
1138 2240 1310 2281 quoddam
1338 2240 1489 2280 positum
1513 2243 1577 2271 est

949 2284 1118 2323 Nimirum
1143 2284 1303 2325 subiungi
1328 2284 1475 2316 debebat
1494 2282 1575 2315 [δεῖν

951 2329 1004 2361 καὶ
1035 2326 1217 2369 τάξασθαι,
1248 2340 1311 2370 pro
1347 2339 1414 2370 quo
1443 2333 1575 2361 mutata

950 2375 1131 2406 verborum
1155 2375 1412 2407 construetione
1433 2375 1573 2415 partici-

948 2421 1007 2461 pio
1030 2426 1131 2451 usus
1176 2425 1229 2452 est
1263 2425 1390 2452 orator.
1453 2419 1575 2461 Itaque

948 2465 1064 2497 omnia
1087 2465 1251 2498 hactenus
1275 2465 1379 2506 plana
1402 2470 1492 2502 sunt,
1511 2473 1574 2496 nee

948 2510 1132 2552 quidquam
1190 2515 1297 2543 restat
1360 2509 1573 2542 difficultatis

947 2560 1082 2596 praeter
1117 2566 1221 2588 unum
1259 2555 1440 2597 quiddam,
1471 2555 1574 2595 idque

946 2601 1180 2635 leviusculum.
1219 2601 1363 2633 Videtur
1380 2601 1471 2632 enim
1494 2603 1575 2632 ante

946 2641 1138 2687 ἀβούλητόν
1163 2656 1200 2677 -ιε
1232 2646 1367 2688 copula:
1393 2644 1572 2679 excidisse.
