1644 2886
261 121 340 160 350

262 233 465 273 gravissime
514 240 629 262 eornm
679 231 893 270 stra-tentiam,

262 277 318 317 qni
351 275 524 307 veteribus
557 276 738 307 maximam
770 275 833 307 boc
865 277 895 308 in

262 330 387 361 genere
409 321 574 351 inscitiam
602 321 896 360 exprobavernnt3

263 371 374 396 tamen
408 373 470 395 nec
502 365 580 396 iilos
612 375 727 397 verum
770 365 896 398 vidisse

261 410 513 449 existimamus,
546 409 601 450 qni
634 410 760 442 exinde
792 411 897 442 colie-

261 458 394 494 gernnt,
420 463 507 492 eam,
534 464 621 494 qnae
637 464 722 486 nunc
743 459 897 495 vocatur,

263 499 473 531 harmoniam
500 500 567 530 iilis
593 504 706 532 notam
734 499 838 532 fuisse
863 504 898 532 et

261 545 432 575 nsitntem.
480 543 582 576 Quod
615 545 770 585 profecto
802 546 895 576 nulio

265 589 369 621 modo
394 588 472 620 inde
489 589 629 630 probari
654 593 780 630 potest.
815 589 896 622 Ete-

263 635 330 665 nim
375 633 453 674 qnid
500 633 635 666 tandem
688 638 760 673 est,
805 634 896 674 qnod

264 678 437 711 citharista
464 679 508 709 ibi
526 678 639 711 facere
664 678 814 711 dicitur?
840 679 897 711 Ni-

263 724 387 756 mirum
412 724 596 755 artificiose
628 725 734 756 variat
764 728 897 756 cantum

263 780 281 801 a
307 772 408 810 poeta
432 777 537 809 puero
564 770 825 810 praescriptum,
845 774 897 800 at-

262 824 329 855 que
354 813 416 845 boc
440 813 518 845 dum
549 813 641 854 iacit,
665 814 831 846 admiscet
850 815 896 845 si-

264 860 333 891 mul
349 858 493 891 subinde
510 867 627 912 sonos,
646 859 787 899 quicum
802 858 897 911 pueri

263 908 364 936 cantu
397 899 470 934 κατ’
504 899 712 943 αἰτιφωνιάν
748 908 782 936 et
816 900 899 935 κατὰ

262 949 463 988 συμφωνίαν
472 948 691 980 concordant.
706 948 803 980 Unde
822 950 898 990 qui·

263 994 400 1025 tandem
432 993 494 1024 sibi
525 993 748 1034 persuadebit
784 997 897 1034 prote-

263 1048 326 1070 nus
340 1038 451 1078 colligi
468 1037 583 1078 licere,
605 1038 776 1070 veteribus
789 1038 896 1070 Grae-

264 1084 310 1116 cis
336 1083 473 1115 omnino
502 1084 693 1115 continuam
728 1083 895 1124 quendem

263 1127 496 1170 symphoniam
524 1137 645 1160 vocum
663 1131 765 1168 utque
782 1127 895 1160 fidium

263 1174 370 1206 fuisse
393 1172 588 1204 usitatam?
616 1173 687 1205 imo
709 1183 791 1205 vero
806 1173 896 1214 quod

262 1227 364 1250 unum
392 1220 487 1249 recte
511 1217 590 1250 inde
603 1218 826 1258 concluseris,
847 1219 896 1249 ni—

264 1264 305 1295 bii
334 1266 388 1295 est
410 1261 524 1302 aliud,
551 1271 650 1303 quam
677 1262 768 1303 quod
795 1263 896 1295 etiam

263 1307 399 1341 aliunde
433 1310 586 1347 constat,
627 1308 797 1349 cognitam
838 1318 899 1340 eos

264 1353 425 1386 habuisse
442 1351 568 1384 variam
579 1352 829 1394 congruentiam
843 1363 897 1385 so-

265 1408 403 1437 norum,
433 1401 536 1438 atque
565 1397 680 1430 varios
713 1397 828 1429 fidium
854 1399 899 1429 ti·

264 1443 463 1483 biarumque
480 1451 585 1474 sonos
605 1442 744 1474 vocibus
758 1445 898 1475 cantan-

264 1488 347 1521 tium
372 1487 579 1520 adiunxisse.
619 1487 702 1520 Plus
729 1490 843 1519 autem
869 1486 898 1520 si

262 1533 344 1566 inde
368 1531 503 1564 efficere
525 1533 680 1572 coneris,
716 1532 790 1564 iure
824 1541 898 1564 me-

264 1579 399 1618 ritoque
431 1586 570 1617 operam
605 1577 726 1608 iusisse
762 1576 897 1610 dicaris.

267 1624 320 1653 Ac
350 1625 448 1655 tanto
479 1621 590 1653 minus
630 1622 789 1662 profecto
826 1622 897 1653 taie

265 1665 347 1708 quid
385 1676 426 1698 ex
461 1665 574 1698 verbis
612 1665 759 1698 Platonis
797 1666 894 1697 colii·

265 1721 348 1753 gere
376 1711 477 1750 licet,
515 1715 643 1752 quanto
683 1711 896 1742 verisimilius

265 1760 330 1794 est,
346 1755 501 1788 Graecos
519 1760 552 1787 et
566 1755 742 1787 Romanos
761 1756 896 1787 omnino

266 1801 478 1842 aequabilem
502 1806 536 1832 et
552 1804 763 1832 constantem
787 1800 896 1831 diver—

266 1855 381 1878 sarum
420 1855 540 1877 vocum
573 1850 668 1877 certa
703 1846 780 1884 leae
814 1845 900 1876 inter

266 1894 360 1933 ipsas
396 1892 584 1922 iunctarum
633 1889 899 1922 modulationem

268 1936 401 1979 penitus
414 1936 633 1974 ignoravisse,
644 1935 766 1966 utneB
776 1945 797 1966 o
808 1945 851 1966 ec
862 1935 897 1966 k-

268 1981 337 2014 bio
383 1980 518 2021 quidem
555 1979 810 2012 awentiendnm
851 1979 898 2010 vi-

267 2026 400 2065 deatur,
415 2025 520 2066 quiin
534 2025 728 2057 Comment.
756 2025 805 2057 De
826 2034 896 2056 me-

267 2073 330 2103 tris
356 2070 496 2102 Pindari
534 2081 566 2111 p.
593 2069 670 2104 253.
704 2070 744 2101 iis
776 2070 896 2101 saitem

267 2116 380 2148 simile
404 2114 563 2155 quiddam
589 2114 752 2147 attribuit.
789 2113 897 2145 Cuius

267 2160 459 2192 sententiae
490 2165 626 2192 nostrae
659 2159 727 2190 duo
761 2159 897 2199 potissi-

267 2214 359 2238 mum
387 2208 588 2244 argumenta
607 2203 783 2242 babemus,
813 2204 898 2235 aite—

269 2259 342 2282 rum
368 2259 410 2281 ex
436 2249 570 2280 silentio
591 2249 796 2289 scriptorum
825 2258 897 2280 cer-

266 2298 448 2335 torumque
486 2294 759 2325 testimoniorum
793 2302 899 2333 penu-

267 2340 317 2372 ria
343 2339 545 2380 repetitum,
576 2339 720 2370 alterum
760 2336 899 2369 ductum

267 2394 309 2417 ex
332 2384 392 2420 iis,
428 2393 517 2423 quae
549 2383 677 2415 diserte
702 2382 745 2414 dc
773 2382 900 2413 musica

266 2432 419 2461 veterum
448 2429 633 2461 memoriae
659 2427 792 2468 prodita
808 2433 897 2458 sumt.

266 2473 352 2506 Nam
382 2476 422 2505 ut
433 2472 478 2504 de
499 2472 549 2504 bis
566 2474 713 2514 primum
731 2471 897 2511 dicamus,

265 2518 425 2551 choi-icus
448 2517 588 2558 quidem
615 2521 735 2550 cantus
762 2524 830 2549 non
847 2517 894 2548 vi-

266 2563 368 2595 detur
399 2562 484 2595 eiius
519 2563 550 2594 in
588 2572 653 2594 usu
695 2561 801 2594 fuisse
832 2561 896 2593 nisi

266 2607 323 2648 qni
345 2617 497 2640 consono
521 2617 582 2639 ore
605 2606 728 2645 tiebat,
753 2606 799 2638 itn
824 2606 895 2647 qni·

268 2652 364 2692 dem,
401 2655 438 2685 ut
473 2657 505 2685 et
536 2650 731 2693 symphonia
771 2655 805 2683 et
836 2660 892 2682 ιιιι-

791 118 1157 161 PLATONIS

965 231 1112 273 tiphonis
1151 233 1262 265 iocum
1293 233 1443 267 baberet.
1492 235 1596 267 Cuius

964 277 1011 308 rei
1063 277 1162 308 testis
1210 281 1263 309 est
1309 279 1596 320 iocupletinimus

966 322 1195 354 Aristotel.
1223 322 1396 355 Problem.
1421 324 1521 356 ΧΙΧ.
1541 325 1595 358 18.

964 377 996 407 p.
1035 366 1113 400 918.
1151 367 1204 399 ed.
1248 367 1394 402 Bekker.
1433 369 1489 400 ubi
1542 379 1597 401 re-

963 411 1154 465 spondetur
1186 411 1228 444 ad
1253 414 1509 453 quaestionem.
1543 412 1598 445 διὰ

965 458 997 487 τί
1018 452 1037 496 ›7‘
1067 455 1122 488 διὰ
1150 457 1270 488 πασῶν
1286 460 1469 498 συμφωνία
1486 456 1597 501 ᾄδεται

962 499 1072 543 μόνη;
1106 501 1346 543 Symphoniam
1381 507 1496 536 autem
1530 504 1597 536 iam

962 550 1062 578 antea
1096 546 1240 579 vidimus
1273 547 1362 588 apud
1393 558 1454 580 eos
1489 549 1595 581 multo

963 591 1167 622 arctioribus
1184 592 1305 624 finibus
1315 602 1416 632 quam
1434 593 1521 635 apud
1535 603 1597 626 nos

964 636 1131 674 inclusam
1149 635 1263 669 fuisse.
1289 636 1341 670 Ex
1355 638 1476 678 quibus
1495 639 1597 670 rebus

965 682 1043 721 qui·
1065 685 1120 713 est
1141 681 1219 722 quin
1246 680 1392 714 fateatur
1407 683 1598 716 rectissime

965 726 1080 766 colligi
1103 726 1216 769 licere,
1247 727 1415 760 rationem
1442 728 1596 769 ipsorum

966 771 1086 803 mirum
1121 776 1284 811 quantum
1317 782 1337 803 a
1373 777 1491 804 nostra
1522 773 1596 805 bar-

967 817 1078 848 mouin
1105 816 1273 848 diversam
1299 816 1426 857 fuisse,
1459 821 1496 850 ut
1520 828 1597 860 per-

964 865 1102 903 petuam
1144 860 1314 902 quendem
1365 862 1594 895 seiunctornm

965 915 1127 938 sonorum
1139 910 1243 947 atque
1256 915 1376 938 vocum
1393 908 1596 947 cantionem,

965 951 1100 991 qualem
1125 952 1235 983 nostri
1256 955 1443 991 sectantur,
1469 961 1510 985 ne
1535 953 1595 985 ad-

966 995 1103 1028 misisse
1126 995 1262 1037 quidem
1287 995 1495 1030 videantur?
1520 997 1599 1029 Huc

966 1045 1080 1072 eutem
1121 1040 1274 1081 accedit,
1309 1042 1401 1081 quod
1431 1051 1474 1074 ne
1510 1052 1597 1074 unus

966 1085 1104 1125 quidem
1156 1087 1250 1118 locus
1283 1086 1468 1127 reperitur,
1506 1087 1597 1119 unde

965 1130 1132 1171 propriam
1157 1131 1199 1162 iis
1224 1130 1330 1162 fuisse
1345 1135 1494 1164 nostram
1521 1131 1596 1164 bar-

967 1176 1101 1208 moniae
1137 1179 1245 1207 artem
1274 1175 1498 1216 probabiliter
1535 1177 1597 1209 de-

965 1220 1145 1252 monstrari
1171 1225 1284 1261 queat.
1314 1219 1399 1253 Nem
1424 1230 1596 1262 quaecun-

966 1275 1032 1305 que
1061 1275 1135 1297 esm
1168 1266 1198 1297 in
1224 1274 1295 1297 rem
1329 1275 1348 1296 a
1375 1265 1453 1298 viris
1485 1266 1596 1298 doctis

966 1311 1068 1342 allata
1107 1314 1186 1341 sunt
1224 1310 1439 1349 testimonia,
1475 1321 1529 1351 ee,
1566 1312 1595 1343 si

967 1364 1083 1386 verum
1110 1354 1327 1395 quaerimus,
1359 1354 1493 1388 minime
1516 1366 1596 1397 pro·

967 1399 1049 1431 bant
1078 1399 1169 1440 quod
1208 1398 1286 1432 inde
1322 1400 1441 1431 confici
1475 1402 1596 1434 volue-

965 1448 1054 1477 runt.
1081 1444 1182 1478 Quod
1210 1454 1415 1485 quamquam
1443 1454 1597 1486 magnam

966 1493 1099 1530 purtem
1124 1489 1187 1521 iem
1213 1489 1257 1522 ab
1280 1489 1353 1522 eliis
1382 1489 1597 1523 demonstra-

965 1538 1036 1566 tum
1063 1538 1128 1573 est,
1157 1534 1198 1565 de
1220 1534 1344 1575 quibus
1364 1537 1480 1567 narrat
1501 1534 1596 1567 For-

967 1577 1266 1611 keliuseHistor.
1297 1579 1422 1611 Music.
1461 1580 1536 1615 Vol.
1566 1581 1595 1612 1.

963 1633 995 1665 p.
1021 1622 1090 1657 397
1121 1633 1195 1663 sqq.
1232 1628 1344 1656 tamen
1371 1634 1413 1656 ne
1446 1625 1525 1665 quid
1553 1624 1598 1657 ad

962 1667 1252 1700 confirmationem
1279 1678 1410 1708 eorum,
1435 1679 1523 1710 quae
1536 1680 1595 1701 su-

962 1722 1023 1754 pra
1045 1711 1311 1753 disputavimus,
1338 1712 1523 1745 desiderari
1549 1716 1596 1746 vi-

965 1758 1098 1794 deatur,
1124 1758 1276 1798 potiores
1301 1757 1467 1790 eiusmodi
1501 1760 1596 1791 iocos

964 1802 1091 1833 iuvabit
1115 1802 1231 1842 paucis
1253 1802 1510 1835 examinavisse.
1528 1804 1593 1836 ltn-

965 1857 1032 1888 que
1054 1847 1210 1887 primum
1255 1847 1388 1887 quidem
1421 1848 1596 1880 audiamus

969 1893 1245 1930 Ciceronem,
1277 1892 1318 1923 nd
1352 1892 1448 1923 cuius
1478 1897 1597 1925 aucto-

967 1938 1104 1968 ritatem
1137 1937 1290 1968 novimus
1326 1936 1424 1976 bodie
1460 1948 1597 1979 quoqne

968 1992 1044 2014 esse
1075 1982 1131 2021 qui
1162 1980 1222 2013 bac
1254 1981 1284 2013 in
1317 1991 1437 2013 caussa
1471 1993 1595 2023 provo-

965 2036 1043 2058 care
1066 2027 1209 2059 soleant.
1249 2026 1280 2057 Ιιι
1304 2026 1406 2067 igitur
1437 2027 1486 2059 De
1510 2027 1595 2067 Rep.

966 2071 1007 2103 ΙΙ.
1042 2081 1071 2102 c.
1108 2071 1161 2104 42.
1201 2070 1284 2103 haec
1321 2071 1474 2111 scripsit:
1518 2073 1597 2109 „Ut

965 2114 1052 2148 enim
1077 2115 1112 2147 in
1126 2114 1256 2157 fidibus
1286 2119 1345 2147 aut
1375 2114 1467 2147 tibiis
1496 2121 1597 2158 atque

965 2164 1002 2193 ut
1027 2159 1062 2192 in
1084 2164 1185 2192 cautu
1210 2159 1283 2201 ipso
1306 2170 1344 2192 ac
1365 2159 1495 2192 vocibus
1520 2171 1594 2193 con-

965 2208 1079 2238 centus
1117 2208 1167 2237 est
1196 2203 1331 2246 quida-m
1362 2205 1519 2237 tenendus
1556 2217 1596 2238 es

966 2248 1135 2282 distinctis
1166 2248 1277 2289 souis,
1312 2259 1406 2289 quem
1437 2248 1593 2283 immuta-

965 2298 1035 2326 tum
1058 2298 1117 2326 aut
1139 2293 1379 2337 discrepantem
1401 2304 1498 2327 aures
1517 2305 1592 2327 eru-

966 2338 1058 2371 ditae
1086 2340 1181 2379 serre
1214 2348 1280 2370 non
1315 2341 1463 2378 possunt,
1502 2338 1595 2382 isque

966 2387 1137 2416 concentus
1159 2393 1198 2415 ex
1214 2381 1516 2415 dissimillimarum
1534 2394 1593 2416 υο-

965 2438 1036 2459 cum
1071 2426 1295 2460 moderatione
1321 2437 1453 2459 concors
1482 2430 1594 2461 tamen

964 2472 1107 2514 efficitur
1121 2475 1153 2504 et
1168 2481 1371 2514 song-ruens;
1387 2471 1435 2504 sie
1449 2482 1488 2504 ex
1504 2483 1592 2505 sum-

965 2517 1028 2549 mis
1050 2520 1082 2550 et
1105 2515 1229 2558 infimis
1257 2520 1289 2548 et
1317 2515 1436 2549 mediis
1458 2516 1591 2549 interie-

965 2560 1027 2594 ctis
1049 2558 1230 2601 ordinibus,
1254 2564 1292 2593 ut
1306 2560 1406 2599 sonis,
1419 2560 1592 2594 moderato

963 2604 1095 2638 ratione
1118 2603 1237 2637 civitas
1257 2614 1413 2638 consensu
1429 2603 1592 2637 dissimil-

966 2650 1119 2683 limorum
1143 2649 1303 2688 σοιιοὶιιίῑς
1331 2653 1362 2684 et
1386 2659 1469 2692 quae
1492 2649 1588 2682 har-
