1644 2886
219 220 255 259 Ι)

286 105 366 145 382

390 220 489 261 KA.

757 104 1134 146 PLATONIS

547 216 691 266 Ἴσως·
729 221 837 260 ἔοικε
871 220 979 272 γοῦν
1016 217 1042 269 ἦ
1080 234 1124 261 τε
1159 222 1330 262 πεττεία
1367 222 1436 280 καὶ
1472 222 1614 262 ταῦτα

282 283 482 335 ἀλλήλων
502 280 571 323 ‚to‘c
608 281 863 337 μαθήματα
899 282 952 327 οὐ
987 282 1197 338 πάμπολυ
1235 288 1512 340 κεχωρίσθαι.

384 349 480 391 ΛΘ.

556 346 712 390 Ταῦτα
748 353 898 392 τοίνυν
930 347 1009 402 ἐγώ
1043 355 1142 403 μέν,

284 413 388 464 τοὺς
426 418 546 462 νέους
582 415 671 456 δεῖν
714 412 994 468 μανθάνειν·

1186 343 1218 392 ὦ
1259 352 1462 401 Κλεινία,
1505 354 1614 408 φημὶ

1044 419 1116 458 καὶ
1151 413 1238 471 γὰρ
1273 413 1373 459 οὔτε
1419 415 1612 471 βλαβερὰ

286 478 386 524 οὔτε
417 479 586 535 χαλεπά
625 482 734 530 ἐστι,
779 478 888 534 μετὰ
927 483 971 523 δὲ
1015 483 1194 532 παιδιᾶς
1228 480 1323 535 ἅμα
1367 482 1613 535 μανθανό-

282 562 391 600 μενα
429 544 640 604 ὠφελήσει
674 549 765 599 μέν,
800 545 967 604 βλάψει
1002 549 1046 588 δὲ
1075 545 1178 600 ἡμῖν
1206 545 1287 600 τὴν
1322 548 1448 590 πόλιν
1475 547 1616 591 οὐδὲν.

284 617 318 655 εἰ
354 614 397 654 δέ
430 627 494 660 τις
529 608 669 659 ἄλλως
706 613 823 664 λέγει,
857 610 1109 655 ἀκουστέον.

385 677 486 719 ΚΛ.
556 677 662 725 Πῶς
697 676 736 718 δ’
782 675 859 730 οὓς

385 743 482 785 ΑΘ.
547 740 678 783 Ἀλλὰ
714 740 804 797 μὴν
837 741 897 785 ἂν
932 739 1047 785 οὕτω
1092 744 1232 784 ταῦτα
1269 746 1424 798 ἔχοντα
1459 759 1565 800 <san
1572 760 1616 794 η-

284 826 379 859 ται,
412 809 546 859 δῆλον
580 805 638 857 ὡς
670 809 948 862 ἐγκρινοῦμεν
983 806 1121 858 αὐτοί,
1165 806 1223 876 μὴ
1261 807 1398 868 ταύτῃ
1434 811 1478 850 δὲ
1513 825 1616 866 φαι-

286 873 447 929 νόμενα
484 875 593 927 ἔχειν
627 871 1034 928 ἀποκριθήσεται.

355 941 454 982 ΚΛ.
525 939 687 990 Δηλον·
729 942 769 980 τί
801 938 911 993 μήν;
959 937 1121 982 οὐκοῦν
1171 940 1269 988 νῦν,

1307 930 1337 978 ὦ
1374 938 1461 990 ξένε
1474 970 1482 987 ,
1535 943 1615 981 κεί-

282 1008 380 1047 σθω
430 1005 572 1046 ταῦτα
608 1002 665 1053 ὠς
697 1001 806 1046 ὄντα
849 1005 937 1046 τῶν
971 1002 1158 1046 δεόντων
1190 1002 1496 1058 μαθημάτων,
1543 1008 1614 1046 ἵνα

282 1069 343 1126 μὴ
381 1068 559 1113 διάκενα
592 1067 696 1124 ἡμῖν
731 1063 755 1129 ᾗ
795 1067 847 1111 τὰ
887 1070 974 1111 τῶν
1010 1070 1178 1125 νόμων·7
1424 1092 1443 1106 ..

1314 1118 1324 1139 Ι

376 1223 419 1253 D.
469 1218 518 1253 οὐ
545 1221 742 1261 πάμπολυ
768 1221 1063 1264 κεχωρίσθαι.]
1094 1221 1186 1253 Flor.
1212 1232 1241 1252 ο.
1268 1222 1302 1252 in
1327 1231 1435 1262 marg.
1456 1222 1510 1253 καὶ
1532 1220 1614 1261 πάμ-

287 1269 372 1299 πολυ
399 1267 618 1308 κεχωρίσθαι,
653 1269 744 1309 quod
770 1269 859 1300 olim.
884 1269 1088 1309 recepimus.
1137 1266 1261 1308 Neque
1295 1267 1385 1298 enim
1419 1268 1487 1299 iam
1513 1268 1621 1308 Astio

285 1313 480 1346 accedimus
507 1309 549 1344 οὐ
574 1314 758 1345 delendum
787 1314 965 1345 iudicanti.
990 1324 1020 1345 v.
1051 1313 1226 1354 explieatt.

377 1358 523 1398 ἔχοντα
549 1359 770 1400 φαίνηται]
800 1359 910 1399 Vulgo
937 1358 1093 1398 φανῆται.
1116 1354 1153 1388 Ω.
1171 1356 1209 1390 Ξ.
1236 1368 1267 1388 ν.
1291 1357 1324 1388 h.
1350 1367 1377 1388 r.
1403 1366 1433 1388 a.
1462 1367 1490 1390 e.
1518 1355 1546 1388 δ.
1572 1363 1614 1388 et.

285 1414 373 1436 corr.
398 1404 493 1437 Flor.
519 1414 552 1435 ο
579 1407 741 1444 φανεῖται.

789 1403 892 1442 Quod
923 1404 1062 1444 scripsit
1086 1402 1266 1434 Bekkerus
1303 1403 1477 1442 φαίνηται,
1503 1403 1539 1434 id
1566 1403 1614 1433 vi-

285 1450 385 1480 detur
408 1453 586 1490 acceptum
610 1450 727 1481 deberi
753 1449 864 1480 codici
889 1449 969 1480 Par.
998 1454 1045 1482 A.

375 1494 416 1525 E.
468 1491 630 1525 οὐκοῦν
654 1495 743 1531 νῦν,
769 1488 795 1525 ὦ
822 1493 914 1533 ξένε
939 1512 977 1518 -
1006 1492 1341 1533 φιλοφρονῆται]
1367 1492 1408 1524 Iu
1428 1493 1508 1525 Ald.
1525 1493 1612 1525 Lov.

287 1545 320 1569 et
345 1540 444 1571 codd.
465 1541 508 1571 A.
531 1537 569 1570 Ω.
595 1549 628 1570 x.
655 1540 740 1572 haec
765 1540 881 1571 omnia
904 1539 1102 1570 tribuuntur
1125 1538 1330 1569 Atheniensi
1357 1548 1515 1569 sermone
1536 1548 1615 1569 con-

332 1645 381 1679 ὥς
427 1646 718 1689 ἐγκρινοῦμεν
769 1645 916 1688 αὐτὼ]

288 1693 329 1725 V.
355 1694 400 1725 ad
425 1703 458 1734 p.
480 1693 560 1728 802.
586 1693 615 1725 Β

333 1760 374 1791 Ε.
423 1761 607 1802 Δῆλον·
642 1762 685 1791 τί
710 1758 820 1802 μήνῑ
845 1755 917 1789 oti-

289 1805 391 1836 κοῦν
423 1824 465 1828 —-
497 1804 656 1846 νόμων;
695 1803 776 1836 ΑΘ.
820 1803 918 1836 Κεί-

288 1850 381 1882 σθω
421 1850 567 1890 μέντοι
599 1851 663 1892 -]
688 1849 918 1890 Bekkerus,

287 1907 387 1939 quem
413 1897 515 1928 etiam
542 1896 841 1929 Schneiderus
866 1904 919 1927 se-

287 1946 413 1983 quutus
447 1946 517 1982 est,
554 1952 629 1974 cum
655 1941 738 1973 Ald.
771 1941 861 1972 Lov.
887 1945 921 1971 et

287 1987 421 2028 aliquot
445 1988 544 2021 codd.
579 1987 666 2019 haec
691 1987 782 2017 inter
812 1986 920 2017 collo-

288 2037 432 2086 quentes.
457 2033 636 2065 distribuit
651 2032 716 2064 sie.
742 2030 826 2062 ΚΛ.
846 2030 920 2072 Δῆ-

289 2078 364 2108 λον·
399 2078 430 2108 τί
457 2075 540 2119 μήν;
569 2076 650 2110 ΑΘ.
677 2072 816 2109 Ουκοῦν
847 2076 920 2113 νῦν,

290 2117 316 2154 ὦ
342 2121 430 2161 ξένε,
455 2132 565 2164 usque
590 2123 635 2155 ad
659 2121 920 2163 φιλοφρονῆται

289 2177 450 2200 sermone
479 2169 656 2199 continuo.
705 2167 801 2205 Quae
831 2167 919 2198 ratio

290 2223 361 2244 non
386 2223 455 2245 uno
479 2214 618 2244 nomine
641 2213 812 2252 displicet.
842 2211 919 2243 Ser-

292 2258 439 2290 vandam
460 2259 622 2290 duximus
642 2258 817 2297 vulgatam
837 2258 919 2288 scri·

291 2308 438 2344 pturam,
465 2313 552 2344 quae
578 2303 670 2335 omni
690 2307 784 2334 earet
813 2302 921 2334 offen·

288 2349 398 2388 sione,
422 2348 480 2380 ubi
502 2349 683 2380 nobiscum
703 2352 784 2388 post
802 2345 838 2378 ιὰ
856 2347 921 2378 τῶν

288 2391 403 2432 νόμων
449 2395 585 2434 signum
631 2389 916 2433 ixitex‘rogationis

286 2438 469 2479 posueris:
480 2440 728 2480 Imperativum
747 2439 797 2469 sic
821 2439 914 2479 posi-

287 2489 359 2516 tum
395 2484 500 2516 hahes
534 2494 639 2525 supra
673 2483 751 2518 800.
778 2483 819 2514 E.
853 2483 909 2515 ubi

291 2540 320 2560 v.
345 2539 425 2561 ann.

337 2593 534 2636 καθάπερ
582 2594 757 2637 ἐνέχυρα
805 2593 915 2626 λύσι-

289 2640 352 2681 μα]
379 2646 579 2682 tanquam
605 2641 791 2682 pignora
819 2651 836 2671 a
859 2650 916 2671 re—

984 1649 1107 1688 liqua
1152 1648 1350 1678 civitatis
1401 1648 1614 1678 constitu·

985 1694 1103 1724 tione
1128 1692 1360 1731 solubilia,
1390 1692 1524 1723 siant
1547 1702 1613 1723 no-

986 1739 1071 1778 bis,
1097 1738 1168 1779 qui
1186 1738 1426 1777 posuimus,
1451 1741 1523 1769 aut
1546 1747 1612 1768 vo—

985 1783 1072 1822 bis,
1116 1783 1203 1824 qui
1247 1782 1457 1814 sivistis
1500 1783 1613 1823 poni,

985 1828 1100 1859 nullo
1136 1828 1258 1859 modo
1300 1827 1448 1868 placu
1465 1828 1612 1859 erint.

985 1873 1074 1904 Nam
1119 1870 1259 1914 ἐνέχυρα
1294 1871 1407 1903 θεῖναι
1453 1873 1615 1904 dicuntur

987 1918 1162 1950 debitores
1174 1942 1182 1958 ,
1221 1917 1279 1959 qui
1312 1917 1443 1958 aliquid
1475 1918 1615 1959 pignori

988 1963 1072 1995 dant
1095 1964 1150 1995 vel
1176 1963 1424 2004 oppignerant3
1460 1963 1521 1994 sed
1545 1972 1614 1994 me·

988 2009 1082 2040 dium
1107 2009 1148 2040 de
1163 2019 1204 2040 eo
1227 2008 1380 2049 ponitur,
1407 2008 1465 2047 qui
1489 2009 1614 2049 pignus

986 2054 1122 2094 accipit.
1142 2052 1360 2108 Aristoph.
1379 2051 1471 2083 Plut.
1489 2063 1521 2084 v.
1538 2051 1616 2086 437

988 2100 1089 2130 ποιαν
1127 2094 1161 2130 δ’
1199 2093 1324 2129 ἀσπίδα
1358 2107 1422 2127 ουκ
1456 2095 1616 2138 ἐνέχυρον

987 2143 1124 2184 τίθησιν
1133 2141 1170 2198 ἦ
1193 2139 1398 2184 μιαρωτάτω
1422 2130 1615 2174 Ecclesiaz.

987 2200 1017 2220 v
1036 2189 1112 2223 755.
1129 2185 1148 2231 ἦ
1173 2187 1289 2230 φέρεις
1311 2185 1450 2229 ἐνέχυρα
1474 2186 1616 2228 &riorum

987 2234 1041 2265 De
1065 2234 1191 2275 plurali
1225 2242 1367 2264 numero
1393 2243 1428 2263 v.
1450 2232 1613 2264 Moeris

987 2290 1020 2320 p.
1033 2279 1111 2314 337.
1127 2279 1242 2320 ibique
1259 2277 1456 2309 Pierson.
1472 2277 1612 2310 Thom.

987 2324 1095 2365 Mag.
1121 2334 1153 2365 p.
1176 2322 1254 2357 308.
1279 2332 1355 2354 oum
1389 2332 1470 2354 ann.
1501 2323 1612 2364 intpp.

988 2369 1173 2402 Praeterea
1212 2367 1373 2399 audiatur
1409 2367 1536 2408 Phry
1551 2368 1612 2399 ni-

984 2416 1088 2447 chus
1111 2424 1145 2455 p.
1170 2412 1246 2447 467.
1281 2408 1535 2467 ὑποτίθησι
1553 2411 1613 2451 μὲι

985 2457 1217 2500 δανειζόμενος
1260 2455 1298 2488 τὰ
1335 2455 1483 2498 ἐνέχυρα.
1515 2454 1566 2489 ὖπ
1577 2468 1610 2488 ο-

985 2516 1000 2536 t
1017 2507 1032 2536 ι’
1042 2505 1099 2535 θε
1113 2513 1186 2534 ται
1219 2501 1254 2533 δὲ
1281 2499 1298 2534 ὁ
1332 2500 1522 2544 λαμβάνων.
1555 2503 1612 2533 ubi

983 2560 1054 2582 rem
1078 2549 1178 2580 docte
1207 2555 1437 2589 persequutus
1463 2551 1514 2580 est
1538 2547 1564 2578 L
1576 2557 1612 2578 o-

983 2594 1103 2626 beeki
1114 2603 1170 2625 us.
1212 2594 1396 2634 Pei-peram
1420 2593 1475 2624 hic
1506 2592 1611 2624 inter-

983 2644 1096 2680 prete.-
1128 2640 1168 2670 «le
1201 2639 1333 2678 legibus
1365 2638 1531 2678 rogandis
1558 2639 1611 2668 vel
