1644 2886
12 136 19 166 ᾖ.

10 357 299 407 ,ικανώτατος
331 352 390 397 ἂν
426 353 503 406 εἰ’.η

29 1050 148 1093 noph.
174 1051 277 1093 Reip.
306 1050 503 1083 Atheniens.
533 1049 621 1092 Cap.
644 1049 666 1081 1.

30 1098 61 1140 ξ.
88 1099 143 1132 10.
173 1107 290 1130 verum
317 1098 430 1137 etiam,
456 1096 571 1128 sineri
588 1105 670 1137 pos·

30 1145 96 1184 ait,
136 1145 245 1176 minus
280 1144 442 1175 iniuriose
474 1143 527 1183 agi
561 1142 669 1181 iubet,

28 1200 133 1233 quam
165 1191 200 1222 in
235 1199 317 1227 eoa,
358 1190 414 1230 qni
451 1198 562 1230 aequo
598 1189 670 1220 iure

28 1241 193 1277 utuntur,
223 1235 315 1277 quod
350 1234 508 1276 profecto
541 1234 669 1276 dignis-

27 1283 153 1316 simum
180 1280 387 1324 philosopho
413 1281 575 1313 iudicium
605 1284 670 1312 est.

29 1328 191 1362 Ceterum
216 1327 365 1360 Athenis
390 1330 525 1359 constat
549 1336 670 1358 servos

27 1385 47 1407 a
73 1374 218 1406 dominis
243 1374 360 1406 laesos
378 1373 511 1414 legibus
537 1376 571 1404 et
598 1382 669 1404 ma-

27 1421 232 1464 gistratuum
283 1420 458 1462 praesidio
507 1418 671 1451 defensos

29 1476 129 1505 esse3
154 1477 183 1498 v.
203 1465 477 1498 Demosthen.
494 1464 570 1496 adv.
585 1464 668 1497 Mid.

27 1522 62 1554 p.
91 1512 172 1546 392.
214 1512 445 1553 Aristoph.
482 1511 594 1543 Rann.
638 1520 670 1543 v.

28 1558 107 1593 706.
137 1557 265 1591 Petrt.
298 1557 410 1600 Legg.
441 1558 549 1589 Attio.
574 1557 670 1589 Libr.

77 1672 119 1706 E.
156 1670 174 1704 ὅ
200 1671 302 1713 περὶ
324 1668 373 1704 τὰ
401 1674 480 1703 τῶν
505 1670 669 1702 δούλων

31 1714 107 1752 οὖν
130 1717 196 1762 —]
227 1719 361 1751 Dicitur
391 1716 581 1758 ἀμίαντος,
614 1717 669 1758 qui

30 1775 110 1799 sese
142 1774 210 1798 non
242 1765 365 1807 polluit
395 1764 504 1806 impiis
537 1767 597 1795 aut
620 1763 670 1795 in—

29 1811 129 1844 iustis
153 1810 378 1844 facinoribus.
406 1827 449 1834 —-
483 1810 670 1852 σπείρειν

31 1857 90 1893 εὶς
114 1855 276 1899 ἀρετῆς
301 1856 482 1896 ἔκφυσιν
517 1860 584 1886 est
610 1864 671 1885 se-

31 1904 148 1936 mina
187 1910 422 1943 spargere,
455 1899 566 1931 unde.
592 1901 672 1931 vir—

0 1955 102 1986 ,ῑιιε
127 1947 446 1991 progerminat.
479 1945 582 1979 Quod
598 1945 672 1987 qui-

0 2011 3 2032 ι
32 1995 111 2028 dem
135 1995 171 2027 tit
197 1992 388 2025 secundum
415 1992 614 2031 Piatonem
645 1991 672 2022 si

0 2071 2 2079 ‚
31 2041 111 2084 qnia
145 2040 233 2073 circa
270 2048 449 2071 servorum
478 2038 612 2078 ingenia
640 2041 675 2069 et

0 2105 3 2123 ι
32 2088 188 2120 actiones
214 2086 319 2118 talem
347 2095 426 2116 sese
452 2083 611 2126 praebet,
637 2086 676 2114 ut

0 2150 4 2167 ι
22 2143 112 2167 sese
145 2142 208 2165 nec
238 2131 420 2174 impietate
451 2139 514 2162 nec
538 2129 675 2161 iniusti—

0 2203 4 2208 .
33 2179 81 2212 tia
114 2179 266 2221 polluat,
307 2186 419 2218 eoque
459 2177 673 2208 luculentum

0 2246 5 2255 .
33 2225 166 2258 virtutis
202 2223 407 2266 exemplum
432 2226 595 2264 tanquam
629 2221 674 2253 ob

0 2292 6 2301 .
33 2272 155 2304 ocutos
180 2275 298 2313 ponat.

79 2337 164 2371 ἔστ’
190 2338 328 2371 εἰπεῖν
360 2335 571 2378 λέγοντα]
606 2334 674 2367 Ea-

0 2381 114 2418 ⁵‘dem
142 2384 302 2418 ubertate
331 2385 424 2417 Libr.
451 2382 508 2415 111.
536 2393 569 2422 p.
596 2381 674 2415 682.

74 2429 187 2465 ..689
214 2429 344 2463 E.1v.
373 2429 504 2474 p..709
528 2428 675 2461 B.v11.

61 2502 70 2509 .
98 2476 176 2511 797.
203 2475 242 2507 C.
267 2478 312 2509 ai.
347 2442 502 2518 Sophist.
535 2486 567 2517 p.
594 2474 676 2508 242.

71 2547 79 2555 .
114 2519 245 2554 εἶπόν
275 2533 344 2553 που
376 2525 438 2554 νῦν
470 2521 510 2561 δὴ
539 2522 675 2563 λέγων.

60 2569 94 2602 bi
126 2579 158 2601 v.
195 2565 427 2600 Heindoif.
475 2567 580 2600 Plura
606 2569 677 2599 cot-

51 2615 122 2658 egit
147 2612 340 2646 Lobeck.
364 2612 405 2645 ad
421 2614 523 2646 Aiac.
543 2626 575 2657 p.
598 2613 677 2648 335.

61 2671 130 2695 ers.
157 2658 236 2694 756.
262 2656 306 2695 ὥς
329 2658 390 2700 ἔφή
419 2659 532 2700 λέγων.

84 2705 283 2744 κολάζειν
312 2715 357 2745 γε
390 2702 472 2745 μὴν
500 2705 544 2736 ἐν
575 2706 679 2749 δίκῃ

50 2791 54 2796 .
94 2764 181 2795 ΡΙιιι.
210 2762 300 2802 Opp.
332 2759 403 2791 vot,
429 2758 462 2791 X
503 2762 595 2793 sect.
625 2763 649 2795 ΙΙ

201 103 283 147 ΒΕ
312 96 588 145 LEGIBUS
617 96 736 140 LIB.
771 93 848 138 VI.
880 93 929 136 P.
961 93 1055 135 777.
1090 89 1155 134 St.

1285 88 1365 131 209

9 220 129 277 ἤθη
172 226 247 267 καὶ
286 217 464 278 πράξεις
506 212 764 273 γιγνόμενός
816 229 881 263 τις
926 210 1144 268 αμίαντος
1197 208 1277 251 τοῦ
1321 223 1366 249 τε

9 290 216 335 ιῒινοσίου
250 296 342 344 neoc
377 304 450 330 και
485 287 640 329 ἀδίκου
673 276 863 336 σπείρειν
898 284 958 330 εἰς
992 277 1155 333 ἀρετῆς
1185 277 1368 334 ἔκφυσιν

541 348 706 395 ταύτὸν
743 348 782 392 δ’
825 346 912 390 ἔστ’
953 351 1087 390 ειπεῖν
1121 345 1256 388 τοῦτο
1288 341 1366 398 ὁρ·

28 429 128 477 θῶς
172 423 265 482 ἅμα
309 426 495 478 λέγοντα
530 423 599 464 ἐπί
634 435 678 462 τε
714 414 903 476 δεσπότῃ
942 431 1014 457 και
1052 410 1254 468 τυράννῳ
1293 427 1367 453 και

29 495 181 537 πᾶσαν
226 493 485 536 δυναστείαν
531 482 841 532 δυναστεύοντι
885 478 996 538 πρὸς
1040 480 1368 535 ἀσθενέστερον

29 563 204 605 ἑαυτοῦ.
240 556 438 611 κολάζειν
473 573 518 610 γε
553 554 641 612 μὴν
659 558 705 596 ἐν
736 554 829 611 δίκῃ
866 548 1053 599 δούλους
1087 551 1166 603 δεῖ,
1201 552 1274 590 καὶ
1307 543 1367 597 μὴ

29 630 368 676 νουθετοῦντας
400 623 456 674 ὡς
491 626 752 675 ἐλευθέρους
771 617 1072 675 θρύπτεσθαι
1099 622 1254 660 ποιεῖν.
1288 611 1372 665 τὴν

30 698 74 738 δὲ
110 701 278 739 οἰκέτου
313 691 551 748 πρόςρηοιν
582 688 665 747 χρὴ
701 685 856 744 σχεδὸν
893 683 1088 736 ἐπίταξιν
1123 684 1274 726 πᾶσαν
1309 685 1371 735 γί-

29 872 124 903 sione
149 880 180 902 v.
208 868 382 902 Schaefer.
409 868 451 901 ad
478 869 617 910 Dionys.
642 865 694 899 De
720 874 831 906 comp.
856 863 949 895 verb.
972 873 1005 905 p.
1023 860 1102 897 258.
1130 864 1165 893 et
1184 857 1370 892 adIamb

29 916 112 949 Bos.
138 916 259 959 Enips.
285 928 317 959 p.
342 915 420 950 244.
456 916 552 948 Dein
579 911 796 946 Athenaeus:
822 909 877 942 καὶ
897 908 943 951 μὴ
973 906 1258 952 προςπαίζοντας

739 1046 770 1078 δ.
803 1044 857 1088 δ.]
896 1044 942 1077 Η.
978 1054 1009 1076 e.
1042 1043 1201 1082 δικαίως,
1239 1037 1373 1072 81011ῑὶ

737 1093 898 1125 iustum
938 1095 1015 1123 est.
1066 1088 1294 1130 Deiniunge:
1318 1082 1375 1117 καὶ

737 1136 782 1181 μὴ
825 1140 936 1169 ποιεῖν
977 1134 1094 1192 (ὥς-τε)
1135 1131 1377 1189 θρύπτεσθαι,

738 1186 997 1221 νουθετοῦντας
1027 1179 1154 1223 (αὐτοὺ
1158 1183 1187 1222 ς)
1217 1177 1262 1215 ὥς
1285 1177 1374 1210 ἕλευ

739 1234 889 1273 θέρους,
931 1228 962 1261 h.
1006 1240 1036 1262 e.
1078 1227 1171 1260 dum
1211 1235 1282 1258 eon
1318 1224 1374 1256 le-

738 1277 835 1309 nius
861 1275 1133 1308 admonemus
1161 1276 1203 1305 et
1228 1279 1375 1313 repre-

739 1322 968 1355 hendimus
1007 1321 1148 1354 sicuti
1180 1318 1376 1352 homines

736 1369 918 1401 liberos.

784 1412 859 1454 τινὶ
885 1416 924 1446 δὲ
949 1408 1230 1453 οἰκέτου-μὴ
1258 1419 1377 1452 προς·

739 1461 993 1502 παίζοντας]
1023 1458 1249 1492 Αοουεεῐὶνιιε
1274 1466 1378 1499 προς-

737 1506 860 1546 παίζον
846 1519 927 1542 nac
966 1507 1101 1549 ponitur
1138 1502 1299 1546 perinde,
1337 1511 1378 1533 ac

739 1554 767 1585 si
786 1563 851 1585 non
872 1554 1022 1592 ἐπίταξιν
1033 1564 1118 1595 γιγν.
1134 1548 1377 1601 praecesserit,

740 1599 800 1631 aed
839 1598 1054 1632 ἔπιτᾰττεινς
1106 1597 1207 1630 cuius
1241 1594 1378 1635 ueneris

739 1646 898 1686 exempla
913 1646 979 1678 aha
992 1645 1220 1686 notavimus
1225 1623 1324 1676 .759
1336 1639 1377 1672 Β

738 1697 774 1725 et
799 1692 874 1727 760.
901 1692 943 1724 Ε.
970 1692 1027 1724 ubi
1055 1701 1086 1722 v.
1103 1700 1180 1722 ann.
1199 1653 1377 1721 ¹,Verbum

737 1737 939 1781 προς-παίζει
945 1751 960 1768 ν
984 1739 1134 1771 iunctum
1161 1745 1236 1769 cum
1263 1734 1380 1766 dativo

739 1785 885 1822 οἰκέιαις
909 1789 981 1824 est,
1007 1781 1287 1825 quandoquidem
1313 1789 1380 1812 non

738 1831 843 1863 modo
877 1829 1092 1872 προςπαίζειν
1123 1826 1199 1860 τινά
1234 1831 1270 1859 et
1293 1824 1381 1869 πρός

738 1888 829 1915 τινα,
856 1876 916 1907 sed
944 1876 1044 1907 etiam
1070 1872 1288 1917 προςτιαίζειν
1311 1873 1385 1903 τινί

740 1922 874 1954 dieitur.
900 1933 933 1953 v.
958 1920 1068 1962 legg.
1099 1919 1169 1952 vn.
1188 1929 1222 1961 p.
1239 1917 1319 1954 804.
1338 1917 1380 1949 Β.

740 1967 885 2009 Euthyd.
919 1978 951 2008 p.
984 1966 1064 2001 278.
1100 1966 1140 1997 Β.
1175 1965 1313 1998 Menex.
1345 1973 1379 2005 p.

740 2013 819 2047 235.
846 2014 885 2045 C.
914 2012 1102 2046 Lobeck.
1130 2010 1172 2044 ad
1200 2008 1379 2052 Phrynieh.

741 2070 775 2102 p.
803 2058 882 2094 463.
912 2058 1136 2092 Matthiae
1162 2057 1226 2089 Gr.
1253 2055 1380 2098 ξ.4Ο2.

741 2106 773 2138 b.
815 2105 1165 2139 Wincketmann.
1211 2102 1254 2136 ad
1298 2103 1381 2135 Plu—

740 2150 846 2184 tarch.
880 2152 997 2184 Amat.
1031 2162 1064 2194 p.
1098 2150 1178 2185 219.
1235 2150 1323 2182 Dein
1359 2145 1383 2180 ἃ

745 2195 786 2239 δὴ
807 2202 859 2230 est
884 2208 963 2238 quo
988 2197 1159 2231 nomine
1185 2197 1384 2234 scilicet3

743 2254 774 2276 ν.
804 2244 1013 2277 Matthiae
1039 2244 1101 2276 Gr.
1128 2243 1159 2285 ξ.
1185 2241 1265 2278 486.
1290 2241 1322 2276 4-
1347 2242 1380 2273 b-

743 2290 845 2325 1077.
891 2290 945 2323 ed.
979 2291 1012 2325 3.
1042 2309 1087 2314 —
1140 2288 1248 2331 πρὸς
1287 2286 1381 2322 δού·

744 2337 846 2372 λους
888 2336 1249 2380 θρύπτοντες,
1290 2344 1381 2366 cum

745 2382 890 2414 servis
939 2382 1131 2415 delicias
1179 2385 1382 2422 agentes.

745 2428 1046 2462 Quemadmodum
1064 2428 1168 2470 igitur
1187 2426 1288 2460 Plato
1310 2436 1382 2458 ser-

746 2475 798 2506 vis
841 2474 1086 2507 humanitatem
1125 2482 1228 2514 quam
1277 2472 1385 2505 maxi·

746 2530 835 2552 mam
870 2520 988 2553 deberi
1025 2520 1232 2558 arbitratur,
1271 2519 1320 2551 ita
1348 2523 1387 2549 ut

746 2566 906 2599 dominos
943 2566 1060 2599 iubeat
1098 2566 1141 2597 iia
1171 2565 1322 2598 iustitiae
1352 2569 1389 2596 et

747 2613 889 2654 pietatis
903 2618 1062 2654 tanquam
1077 2612 1272 2653 exemplum
1287 2618 1388 2653 prue-

748 2659 821 2698 ire3
857 2659 904 2690 ita
930 2659 1030 2691 etiam
1057 2657 1197 2690 nimiam
1222 2667 1302 2698 erga
1327 2664 1388 2689 eos

748 2706 924 2738 lenitatem
967 2709 1073 2746 atque
1120 2702 1384 2736 familiaritatem

1063 2761 1115 2800 14
