1592 2872
188 96 251 137 VI
614 56 1081 135 PROLEGOMENA

187 207 364 249 aliorum
381 206 584 248 librorum
594 204 910 245 Platonicorum
930 217 1011 244 usu
1033 210 1076 244 et
1095 202 1402 245 consuetudine
1417 203 1507 244 lon-

188 263 359 320 gissime
378 260 591 303 recedant.
623 259 736 300 Nam
754 259 934 314 primum
957 258 1126 313 quidem
1154 258 1310 300 nullam
1330 259 1416 299 fere
1437 272 1507 299 us-

191 333 318 373 quam
346 317 531 373 reperias
569 314 782 370 partiendi
812 313 1178 368 distribuendique
1216 314 1507 367 subtilitatem,

190 372 534 428 quandoquidem
562 385 669 425 quae
689 376 790 412 sunt
821 371 1059 412 communia
1081 376 1208 424 atque
1237 384 1401 412 summa
1417 370 1509 411 uni-

189 444 335 471 versae
385 426 686 482 disputationis
733 426 969 481 principia,
1001 440 1052 468 ea
1080 441 1165 467 non
1196 440 1383 468 seorsum
1414 426 1509 467 illu-

190 491 378 528 strantur
406 491 480 524 aut
509 489 704 525 accurate
733 482 1013 538 explicantur,
1045 496 1129 536 quo
1159 481 1313 523 deinde
1343 481 1510 538 singula

191 541 243 582 ad
287 540 381 595 ipsa
408 544 677 591 revocentur,
709 538 785 580 sed
813 538 1138 580 commiscentur
1168 538 1290 591 quasi
1320 553 1414 579 cum
1443 553 1508 579 re-

190 596 319 651 liquis
359 595 579 637 arbitrarie
621 601 749 648 atque
789 594 879 636 sine
918 600 1035 636 certo
1067 593 1251 647 quodam
1281 593 1428 635 ordine
1459 609 1509 636 ac

190 651 323 694 veluti
352 665 428 707 per
455 650 720 692 occasionem
758 665 842 691 non
882 656 967 692 tam
999 650 1213 692 subtiliter
1242 655 1512 714 exponuntur

192 723 319 762 quam
354 707 502 763 paucis
540 713 922 748 commemorantur
957 706 1190 760 leviterque
1229 711 1511 761 attinguntur.

192 765 304 806 Nam
343 778 472 817 quum
511 762 632 804 lectis
670 762 745 816 iis,
785 777 894 816 quae
931 762 1050 803 Libr.
1092 761 1126 802 Ι.
1165 777 1205 816 p.
1246 763 1339 803 631.
1371 762 1426 803 A.
1457 786 1509 791 —-

193 821 286 862 632.
319 819 368 860 Ε.
408 819 703 874 proferuntur,
741 818 832 860 iure
862 817 1176 874 expectaveris,
1206 817 1388 872 primum
1418 818 1511 870 qui-

194 875 288 917 dem
319 875 371 916 de
402 874 630 916 virtutibus
658 874 921 930 disputatum
951 872 1018 926 iri,
1049 873 1203 928 quibus
1234 873 1384 914 civitas
1416 878 1511 914 tan-

195 946 320 986 quam
352 929 628 972 fundamento
659 945 738 973 suo
767 929 981 972 iudicatur
1008 929 1133 970 inniti
1152 928 1323 982 debere,
1357 928 1511 970 deinde

194 995 333 1029 autem
367 987 555 1028 futurum
585 1001 695 1039 esse,
725 992 774 1027 ut
803 986 1128 1039 demonstretur,
1160 999 1341 1038 quanam
1367 999 1513 1026 neces-

194 1043 380 1086 situdine
420 1057 550 1097 quum
586 1048 678 1084 tota
714 1042 968 1097 respublica,
1013 1047 1102 1083 tum
1140 1040 1331 1096 singulae
1377 1042 1512 1096 leges,
1542 1054 1545 1056 ’

195 1100 349 1154 quibus
386 1106 622 1153 temperata
651 1104 739 1152 est,
771 1113 865 1140 cum
895 1098 979 1140 illis
1009 1097 1329 1148 contineantur3
1370 1102 1513 1139 tamen

195 1156 343 1197 horum
384 1155 570 1196 omnium
604 1154 708 1196 nihil
745 1153 832 1196 fere
871 1154 932 1195 ita
975 1153 1209 1209 peragitur,
1247 1158 1513 1208 vagaturque

195 1211 428 1266 disputatio
466 1211 602 1266 prima
641 1210 790 1253 saltem
830 1209 975 1266 specie
1033 1214 1120 1250 tam
1166 1208 1340 1250 incertis
1387 1209 1513 1263 plane

194 1268 375 1315 finibus,
413 1272 461 1308 ut
495 1281 704 1320 quaenam
743 1266 800 1308 sit
830 1265 1088 1321 quaestionis
1131 1265 1352 1306 universae
1389 1265 1511 1317 ratio,

196 1323 439 1365 distributio
469 1337 519 1364 ac
547 1323 817 1378 progressio,
848 1322 920 1363 vix
949 1336 998 1362 ac
1027 1336 1079 1362 ne
1107 1320 1177 1361 vix
1211 1320 1381 1373 quidem
1411 1334 1512 1361 con-

193 1380 263 1421 iici
306 1393 434 1434 posse
475 1377 687 1420 videatur.
754 1379 899 1431 Atque
940 1377 1022 1419 hoc
1062 1391 1192 1432 quum
1230 1376 1313 1417 iam
1350 1391 1427 1430 per
1466 1390 1512 1417 se

196 1436 332 1477 solum
371 1434 465 1476 fieri
504 1449 588 1475 non
626 1434 764 1489 possit
802 1433 904 1489 quin
933 1433 1175 1489 legentibus
1204 1447 1406 1488 perquam
1437 1432 1513 1472 mi·

195 1507 287 1534 rum
324 1490 513 1544 accidat,
543 1497 635 1532 tum
665 1490 792 1533 etiam
821 1489 937 1531 aliud
969 1488 1072 1544 quid
1101 1494 1189 1541 est,
1221 1487 1337 1542 quod
1368 1487 1514 1530 eodem

195 1550 239 1588 in
277 1561 433 1603 genere
472 1561 815 1601 unumquemque
851 1545 1106 1601 legentium,
1156 1544 1229 1599 qui
1268 1543 1515 1586 Platonicae

196 1603 445 1646 subtilitatis
483 1602 600 1644 haud
639 1603 814 1658 ignarus
852 1601 932 1655 sit,
963 1600 1152 1643 offendat
1179 1615 1263 1641 non
1293 1599 1515 1642 mediocri-

196 1666 274 1702 ter.
345 1660 455 1700 Nam
494 1659 622 1700 sicuti
664 1657 904 1700 accuratior
941 1657 1126 1712 partium
1157 1656 1343 1697 universi
1373 1656 1514 1710 operis

198 1715 428 1771 descriptio
457 1720 497 1756 et
530 1714 840 1770 coagmentatio
873 1712 1153 1766 desideratur,
1183 1712 1245 1753 ita
1272 1712 1400 1753 etiam
1430 1711 1515 1754 sin-

198 1772 393 1828 gularum
430 1785 571 1812 rerum
610 1777 652 1812 et
692 1769 995 1813 sententiarum
1039 1767 1238 1820 tractatio
1274 1768 1413 1808 minus
1451 1773 1517 1809 est

200 1828 370 1870 subtilis
415 1827 667 1881 laboratq'ue
717 1841 804 1867 non
859 1839 955 1866 raro
1005 1823 1152 1866 nescio
1203 1837 1287 1877 qua
1331 1823 1515 1864 difficul-

199 1889 290 1926 tate
342 1889 384 1925 et
421 1882 681 1925 obscuritate
720 1880 983 1938 gravissime..
1048 1879 1161 1921 Nam
1208 1884 1254 1920 ut
1302 1884 1516 1920 taceamus

199 1939 329 1992 illud,
375 1939 427 1980 de
468 1954 552 1993 quo
591 1938 675 1980 iam
711 1938 756 1994 ’Ψ
787 1935 1076 1993 superioribus
1112 1933 1344 1976 identidem
1373 1935 1517 1975 admo-

200 1995 383 2048 nuimus,
423 2010 519 2037 raro
550 1993 677 2037 altius
706 1993 840 2049 repeti
872 2007 1017 2035 eorum
1034 2023 1046 2045 ,
1076 1990 1128 2032 de
1166 1990 1320 2046 quibus
1351 1989 1516 2045 quaeri-

201 2058 286 2103 tur,
317 2065 490 2093 caussas
521 2057 569 2092 et‘
590 2050 793 2102 rationes,
827 2063 880 2090 ne
912 2047 1134 2089 disseritur
1163 2045 1332 2100 quidem
1359 2045 1518 2100 ubique

203 2106 307 2148 satis
346 2107 555 2148 subtiliter
587 2112 629 2148 et
665 2110 883 2155 accurate3
925 2104 1010 2145 imo
1047 2102 1179 2144 multa
1207 2117 1293 2143 non
1326 2107 1411 2143 tam
1443 2117 1514 2143 ex-

202 2162 442 2216 quiruntur,
477 2178 603 2217 quam
633 2173 856 2204 sumuntur
894 2166 1022 2215 atque
1050 2163 1289 2216 ponuntur,
1328 2158 1395 2199 vel
1424 2171 1518 2199 ora-

202 2218 315 2259 torio
345 2218 472 2260 modo
502 2224 779 2268 exornantur3
809 2231 895 2258 non
923 2229 1060 2272 pauca
1086 2229 1214 2270 porro
1245 2213 1518 2255 enuntiantur

203 2272 348 2328 potius
379 2279 421 2314 et
451 2290 528 2329 pro
559 2275 685 2317 certis
714 2273 1003 2325 affirmantur,
1034 2285 1159 2326 quam
1188 2270 1425 2325 probantur
1453 2274 1517 2310 at-

203 2343 287 2384 que
325 2328 694 2381 demonstrantur3
738 2329 922 2383 denique
949 2327 1153 2383 plurima,
1194 2341 1320 2381 quum
1351 2324 1518 2380 prolixo

203 2399 331 2440 saepe
359 2384 575 2440 longoque
604 2400 796 2428 sermone
825 2384 1116 2440 proferantur,
1145 2387 1286 2423 tamen
1315 2380 1518 2437 longiori-

202 2442 284 2483 bus
325 2441 738 2484 confabulationibus
775 2445 1058 2482 extenuantur
1097 2437 1233 2494 magis
1271 2443 1398 2490 atque
1436 2436 1519 2478 ele-

203 2502 381 2550 vantur,
427 2511 554 2550 quam
592 2498 852 2552 argumentis
898 2495 1213 2538 confirmantur.
1288 2493 1366 2534 Est
1407 2492 1518 2534 enim

204 2553 338 2594 oratio
367 2566 670 2607 saepenumero
700 2552 952 2604 tortuosior,
981 2551 1221 2606 perplexior
1251 2555 1293 2589 et
1322 2563 1398 2602 per
1426 2548 1517 2590 lon-

206 2608 361 2661 giores,
391 2623 513 2661 quam
546 2623 611 2648 res
643 2609 733 2661 ipsa
757 2608 958 2662 postulet,
991 2607 1189 2660 ambages
1215 2602 1517 2651 circumducta,
