1644 2886
179 114 261 156 DE
297 111 572 155 LEGIBUS
608 110 725 152 [ΑΒ.
763 109 863 150 VlI.
899 108 943 148 Ρ.
978 110 1070 149 790.
1104 106 1167 150 St.

1299 106 1380 146 255)

25 233 211 275 παιδίων
249 235 296 274 αι’
330 233 538 285 μητέρες,
577 228 658 284 οὐχ
695 226 880 283 ἡσυχίαν
917 226 1073 276 αὐτοῖς
1108 227 1384 282 προςᾳέρου·

23 315 114 350 σιν,
148 298 262 342 ἀλλὰ
299 297 570 342 τούναντίον
605 299 798 348 κίνησιν,
844 299 891 338 ἐν
927 301 1025 343 ταῖς
1058 291 1277 347 ἀγκάλαις
1311 290 1381 334 ἀεὶ

24 453 101 486 dam
141 452 254 486 omnis
286 453 426 495 generis
463 451 668 485 concitatio-

22 509 102 533 nem
136 500 262 532 meutis
304 499 475 541 animique
515 498 667 530 insolen-

23 546 147 578 tiorem
182 544 328 586 eiusque
363 545 477 577 varias
509 543 666 576 affectio-

23 601 85 624 nes
102 590 319 631 indicandas,
345 591 447 624 sicuti
476 592 526 623 vel
549 600 591 622 ex
618 588 668 621 his

23 638 110 670 locis
163 636 308 678 intelligi
364 637 502 669 licebit:
557 635 666 667 Plat.

23 683 107 716 Crit.
136 693 170 725 p.
196 683 252 718 54.
278 684 324 715 D.
354 682 499 716 Phaedr.
529 691 561 722 p.
588 680 668 715 228.

25 729 64 762 B.
102 728 223 772 Symp.
259 740 292 771 p.
327 728 407 764 215.
439 729 482 760 E.
526 727 600 761 lon.
632 738 664 768 p.

21 775 103 810 533.
144 775 188 807 Ε.
225 774 306 810 536.
345 775 384 807 C.
444 772 663 815 Aristopu.

25 822 128 864 Vesp.
162 831 192 852 v.
225 820 257 855 8.
295 820 480 854 Lucian.
514 819 666 851 Hermo-

22 869 96 901 tim.
114 866 169 902 63.
190 868 233 900 al.
258 867 349 900 conf.
379 867 479 900 etiam
507 865 666 898 Strabo

22 914 67 947 X.
95 925 128 956 p.
156 912 238 948 473.
287 914 408 954 Atque
434 913 528 945 hunc
552 911 664 954 ipsum

22 959 311 999 enthusiasmum‚
328 969 405 991 cum
425 958 562 991 insolita
580 967 666 999 qua-

24 1006 102 1039 dam
137 1006 240 1038 animi
274 1005 429 1047 inquiete
461 1009 496 1037 et
530 1009 666 1045 pertur-

23 1052 164 1085 batione
190 1052 436 1089 coniunctum,
472 1050 576 1084 etiam
603 1048 668 1082 hoc

23 1099 102 1131 loco
134 1098 314 1141 significari
349 1095 571 1129 manifestum
605 1106 667 1137 pu·

25 1149 150 1177 tamus.
204 1143 272 1177 Qui
304 1143 466 1184 quoniam
504 1146 666 1183 tauquam

24 1190 170 1223 morbus
205 1189 329 1230 aliquis
365 1188 548 1220 videbatur
590 1197 669 1220 esse

25 1236 186 1268 divinitus
224 1235 422 1273 immissus,
473 1233 548 1266 hinc
596 1233 669 1266 eius

24 1281 156 1324 ἰάματα
189 1282 243 1314 vel
275 1279 384 1314 ἰάσεις
415 1279 579 1312 dicuntur
613 1289 667 1311 re-

25 1327 147 1370 periri,
187 1337 275 1369 quae
308 1326 431 1358 ritibus
462 1325 666 1366 quibusdam

26 1378 248 1416 peragantur.
273 1383 304 1404 v.
333 1381 413 1414 pag.
433 1371 512 1406 791,
532 1371 571 1404 E.
599 1373 666 1403 At-

24 1430 94 1461 que
125 1418 178 1452 hic
211 1418 335 1452 tertius
366 1427 464 1450 error
494 1417 668 1450 notandus

24 1466 131 1498 veuit.
181 1463 355 1497 Putarunt
385 1463 474 1497 enim
509 1464 568 1496 viri
602 1463 665 1495 do-

26 1511 90 1550 cti,
136 1509 448 1549 Ruhnkenius,
501 1510 666 1549 Anius,

25 1556 228 1595 Iahnius,
255 1556 403 1598 denique
428 1565 567 1599 omnes,
593 1556 668 1597 qui-

25 1612 158 1644 cunque
183 1602 227 1635 de
251 1601 314 1634 hac
339 1611 378 1635 re
395 1611 544 1643 uuquam
571 1611 667 1634 com-

26 1649 169 1682 mentati
194 1652 294 1688 sunt,
327 1651 466 1681 veteres
497 1647 668 1681 credidis-

25 1705 77 1734 se,
102 1694 199 1728 istam
227 1694 354 1727 mentis
371 1692 538 1727 insaniam
565 1704 582 1726 a
597 1693 668 1726 Co·

25 1741 228 1785 rybantibus
251 1739 389 1773 immitti
410 1741 538 1773 solere.
564 1738 669 1774 Quod

26 1796 190 1829 perquam
221 1788 377 1828 ineptum
410 1790 464 1820 est
497 1786 669 1828 planeque

25 1832 230 1865 absurdum.
287 1830 379 1866 Quid
412 1831 462 1864 rei
488 1832 552 1871 sit,
584 1841 668 1873 pau·

26 1879 76 1910 cis
100 1878 233 1910 iuvabit
253 1876 439 1909 monuisse.
488 1877 672 1910 Pertiuent

28 1924 116 1957 enim
149 1924 217 1956 huc
250 1923 357 1955 verba
395 1922 605 1955 Hermiae
638 1922 669 1954 iu

27 1968 226 2003 Phaedrum
264 1979 299 2010 p,
333 1968 414 2004 105.
453 1967 517 1999 εἰσὶ
552 1967 586 2000 δὲ
613 1967 671 1998 καὶ

27 2017 191 2058 (praeter
237 2013 325 2050 τοῦς
371 2012 670 2056 νυμφολήπτους)

26 2059 330 2103 πανόληπτονκαὶ
353 2058 671 2102 μητρόληπτοι

28 2106 102 2138 καὶ
125 2105 488 2150 κορυβαντισμοί.
521 2104 588 2137 Ubi
611 2106 671 2146 qui

29 2156 264 2189 memorantur
330 2148 591 2194 μητρόληπτοι,
645 2151 669 2183 ii

28 2203 123 2231 certe
168 2207 236 2231 non
285 2203 365 2230 sunt
409 2196 485 2236 alii,
535 2196 673 2238 opinor,

29 2254 131 2285 quam
157 2245 216 2286 qui
241 2254 264 2277 a
287 2253 411 2284 magna
430 2246 542 2274 matre
567 2241 669 2275 deum

30 2289 262 2323 credebantur
300 2299 380 2322 esse
418 2288 586 2320 concitati
617 2293 670 2321 at-

29 2345 98 2376 que
131 2336 273 2378 perciti,
305 2344 418 2377 eoque
442 2334 476 2366 in
500 2336 671 2377 κορυβαν-

30 2380 179 2423 τισμυύς
206 2381 367 2414 coniecti.
415 2380 548 2412 Verum
585 2380 673 2412 haec

31 2426 78 2458 de
101 2436 138 2459 re
162 2428 331 2461 universa.
378 2425 425 2458 Et
455 2429 535 2458 ante
558 2426 672 2458 omnia

28 2471 172 2512 ,quidem
221 2473 324 2505 verba
368 2470 524 2504 Platonis
565 2471 672 2505 llaec:

33 2517 70 2548 αἱ
93 2515 170 2559 περὶ
188 2515 231 2549 τὰ
263 2520 330 2550 τῶν
356 2516 595 2560 Κορυβάντων
618 2516 673 2548 la'·

32 2574 128 2604 ματα
166 2562 324 2595 τελοῦσαι
359 2564 560 2597 accuratius
597 2563 671 2595 illu-

34 2607 175 2640 stranda
207 2612 296 2640 sunt.
358 2608 461 2643 Quae
497 2608 564 2641 dici
606 2619 673 2642 nou

35 2658 150 2694 potest
166 2664 267 2696 quam
286 2653 410 2687 misere
425 2665 445 2688 a
466 2655 595 2688 criticis
615 2665 672 2687 ve-

36 2702 115 2731 xata
141 2700 220 2732 sint.
264 2699 353 2732 Nam
370 2700 516 2741 primurn
533 2700 671 2742 quidem

739 451 764 482 A
782 460 798 482 s
814 453 827 482 t
846 450 854 482 i
873 459 893 482 u
910 460 926 481 s
974 448 1199 482 scribendum
1249 448 1383 480 censuit

736 495 817 538 περὶ
855 494 897 527 τὰ
947 498 1013 527 τῶν
1058 491 1382 538 κορυβαντιῶν-

737 553 840 582 των,
863 541 948 583 ipsis
974 540 1233 583 Corybantibus
1264 537 1386 572 eiectis

738 593 771 620 et
788 587 956 629 expulsis.
985 586 1049 618 Cui
1076 587 1268 619 reluctatur
1294 583 1383 619 Alb.

739 632 921 667 lahuius
953 634 976 664 l.
1009 643 1036 664 c.
1075 644 1108 675 p.
1138 632 1207 667 237
1238 643 1290 673 sq.
1323 631 1381 664 fu-

738 689 865 712 rores
899 690 917 712 a
950 679 1282 721 Corybantibus
1310 679 1380 710 im-

736 726 904 757 missos
940 724 1188 767 intelligendos
1219 735 1300 756 esse
1324 734 1382 756 ra-

734 776 806 803 tus.
855 770 927 804 Sed
953 775 992 802 ut
1018 771 1218 812 largiamur,
1246 769 1290 802 τὰ
1316 772 1384 802 τῶν

737 815 957 859 κορυβοῖντων
984 821 1081 849 recte
1107 816 1173 849 diei
1196 826 1304 859 posse
1329 815 1381 848 su-

735 873 834 895 rores
882 863 926 895 ab
965 863 1008 895 iis
1050 863 1217 903 iniectos,
1263 868 1380 895 tamen

735 909 827 941 unde
862 908 1046 941 Iahnius
1077 918 1155 941 curn
1189 909 1282 948 aliis,
1322 908 1380 950 qui

734 957 784 988 ita
807 958 1016 993 statuerunt,
1040 955 1217 996 acceperit
1242 959 1382 988 veteres

736 1001 950 1042 credidisse,
990 1002 1126 1033 furores
1164 1001 1241 1033 illos
1273 1011 1382 1043 posse

737 1048 779 1079 ab
817 1047 895 1080 istis
936 1046 1181 1079 sacerdotibus
1227 1048 1381 1087 immitti,

737 1095 833 1125 iuxta
869 1103 946 1125 cum
982 1094 1207 1135 ignarissimis
1241 1095 1382 1137 ignora-

738 1149 825 1176 mus.
888 1139 1056 1172 Nimirum
1107 1139 1195 1172 falso
1232 1139 1298 1173 hoc
1333 1139 1382 1172 ita

738 1185 859 1224 statui,
887 1187 938 1217 rel
967 1196 1009 1218 ex
1035 1196 1077 1217 eo
1098 1190 1258 1228 apparet,
1286 1187 1381 1228 quod

738 1232 839 1263 nullis
855 1231 995 1264 omnino
1012 1231 1254 1265 sacerdotibus
1278 1243 1299 1265 a
1324 1242 1384 1266 ve-

738 1277 871 1310 teribus
911 1277 1060 1311 Graecis
1108 1283 1170 1311 aut
1213 1278 1385 1312 Romanis

739 1322 908 1355 eiusmodi
941 1324 993 1356 vis
1028 1324 1139 1356 divina
1173 1325 1385 1358 attribuitur.

738 1369 808 1403 Sed
837 1369 881 1402 de
906 1368 1103 1402 hocerrore
1122 1372 1190 1403 iam
1210 1375 1312 1404 antea
1331 1371 1384 1404 di-

737 1420 830 1448 ctum
844 1419 910 1447 est.
937 1416 1060 1458 Itaque
1069 1415 1111 1448 τὰ
1123 1419 1187 1449 τῶν
1198 1416 1387 1460 Κορυβάν-

737 1474 803 1494 των
828 1462 968 1494 omnino
1000 1466 1081 1494 sunt
1111 1472 1223 1504 quae
1251 1463 1383 1508 Cory·

738 1508 948 1541 bantibus
970 1508 1192 1547 accidunt,
1218 1508 1249 1542 h.
1274 1520 1304 1545 e.
1332 1510 1385 1543 sa-

737 1553 839 1586 uatici
852 1563 973 1587 eorum
987 1554 1125 1587 furores
1139 1565 1217 1588 cum
1231 1555 1386 1598 inquiete

738 1604 772 1633 et
789 1600 1050 1642 perturbatione
1066 1602 1269 1642 consociati,
1282 1602 1383 1636 ideo-

735 1655 802 1687 que
828 1647 967 1679 omnino
994 1646 1096 1679 etiam
1118 1648 1322 1682 affectiones
1349 1654 1386 1683 et

737 1692 1016 1734 perturbationes
1070 1694 1196 1726 mentis
1246 1705 1384 1736 eorum,

736 1738 794 1779 qui
821 1738 942 1771 similia
966 1743 1073 1780 atque
1099 1740 1146 1772 illi
1165 1745 1382 1782 paterentur.

737 1784 819 1816 Hoc
852 1788 972 1817 autem
1007 1785 1035 1817 si
1067 1795 1149 1819 vere
1175 1788 1221 1819 ita
1253 1787 1384 1820 iudica-

738 1834 805 1870 tur,
832 1829 932 1862 facile
956 1835 1118 1872 apparet,
1149 1842 1271 1864 vanam
1303 1843 1385 1866 esse

738 1876 843 1908 etiam
878 1876 1025 1908 alteram
1052 1877 1173 1909 Astii
1204 1877 1384 1911 coniectu-

737 1931 830 1959 ram,
857 1931 926 1962 qua
952 1931 1015 1962 pro
1038 1921 1204 1954 τελοῦσαι
1229 1924 1384 1957 scriben-

740 1967 818 1998 dum
852 1967 989 1999 censuit
1021 1962 1144 2007 οὖσαι,
1178 1978 1240 2002 nec
1274 1970 1384 2011 pluris

739 2012 935 2045 faciendam
954 2023 1033 2045 esse
1048 2013 1217 2047 rationem
1245 2015 1284 2047 W
1299 2015 1382 2048 inc-

739 2058 964 2090 kelmanni
997 2058 1041 2091 ad
1068 2059 1384 2095 Plutarchi.Ama-

739 2108 806 2136 tor.
843 2114 876 2146 p.
911 2104 990 2139 176.
1031 2103 1167 2147 ἰάματα
1205 2108 1385 2148 ἔχουσαι

742 2150 982 2183 coniectantis.
1044 2150 1169 2194 Neque
1215 2154 1306 2186 euim
1350 2153 1384 2186 in

741 2206 843 2229 unum
894 2197 1133 2240 coniungenda
1177 2202 1259 2232 sunt
1299 2199 1385 2232 ista:

740 2241 821 2284 περὶ
844 2240 887 2273 τὰ
906 2245 974 2275 τῶν
990 2242 1226 2286 Κορυβάντων
1236 2243 1385 2289 ἰάματα,

741 2297 830 2330 quae
866 2288 933 2321 fuit
969 2289 1178 2331 optimorum
1228 2291 1382 2324 virorum

741 2334 877 2375 opinio,
914 2334 976 2366 sed
1011 2334 1145 2376 ἰάματα
1177 2336 1384 2370 trahendum

742 2384 796 2412 est
819 2379 862 2411 ad
887 2380 1063 2420 τελοῦσαι,
1089 2386 1125 2414 et
1149 2381 1231 2426 περὶ
1257 2382 1299 2415 τὰ
1321 2387 1388 2415 τῶν

741 2424 979 2468 Κορυβάντων
1015 2436 1173 2460 seorsum
1212 2429 1384 2471 accipien-

738 2471 836 2515 Vdum.
908 2471 1131 2506 Postremum
1189 2475 1387 2508 rectissime

742 2515 894 2559 pervidit
933 2517 1035 2550 etiam
1077 2518 1262 2552 Iahnius
1302 2521 1322 2553 1.
1355 2531 1385 2555 ο.

743 2573 779 2605 ρ.
805 2561 885 2597 237.
918 2561 1026 2596 falsus
1050 2565 1106 2598 ille
1130 2568 1245 2599 tamen
1271 2565 1305 2598 in
1330 2577 1388 2608 eo,

745 2608 836 2650 quod
879 2608 983 2641 verba
1026 2610 1078 2641 sic
1117 2610 1386 2653 interpretatum

743 2664 856 2696 quae
904 2654 1091 2687 medelas
1143 2656 1387 2700 perficiunt

745 2699 1045 2733 inservientes
1093 2700 1326 2737 furoribus
1365 2716 1386 2738 a

987 2754 1084 2795 17*
