1644 2886
507 91 589 134 1)ss
623 89 901 134 LEGIBUS
933 97 1014 132 etc.
1238 86 1421 142 XLVIl

67 209 290 251 ticiliorem
333 207 459 250 habet
507 208 720 249 sermonis
769 217 1048 261 progressum
1098 208 1232 255 atque
1282 200 1425 243 minus

67 266 260 308 crebram
291 263 593 320 interrogandi
637 269 679 305 et
727 259 1022 317 respondendi
1059 258 1423 302 vicissitudinem.

72 324 223 378 ltaque
262 337 342 365 nos
384 321 558 377 quidem
599 321 642 362 in
689 335 740 363 ea
779 334 824 360 re
865 317 973 360 nihil
1011 317 1152 359 inesse
1201 326 1424 373 putamus,

68 379 185 435 quod
218 396 242 421 a
274 380 468 422 Platonis
511 386 602 420 arte
642 385 686 419 et
714 377 882 418 ratione
912 374 1161 417 abhorreat.
1221 373 1423 428 Accedit,

69 436 186 492 quod
217 452 299 479 nec
329 435 507 479 absurdi
538 434 644 492 quid
673 441 750 476 aut
769 432 906 489 inepti
936 447 1033 474 cum
1065 447 1116 473 ea
1145 432 1424 487 coniunctum

68 501 148 548 est,
180 494 300 549 quod
333 494 563 536 scribentis
584 498 742 548 arguat
771 490 958 545 aliquam
990 489 1321 545 incogitantiam
1352 496 1428 530 aut

67 552 280 594 inertiam.
348 550 480 604 Quod
515 552 633 592 certe
674 548 804 604 longe
845 547 969 588 aliter
1006 560 1053 587 se
1102 546 1234 588 habet
1275 547 1321 588 in
1372 546 1427 588 iis

69 608 273 666 dialogis,
306 623 416 663 quos
445 606 616 648 Platoni
650 605 719 648 vel
750 619 894 647 errore
926 603 995 646 vel
1015 603 1130 645 mala
1149 603 1301 646 fraude
1323 618 1428 661 sup·

69 667 235 723 positos
274 681 368 708 esse
407 664 678 721 exploratum
717 662 914 704 habetur.
982 660 1218 702 Enimvero
1250 675 1427 717 compa-

70 739 137 766 res
157 723 259 766 mihi
282 737 443 777 quaeso
466 737 564 764 cuin
586 719 781 777 Legibus
799 719 868 761 vel
888 733 1047 773 parvos
1077 718 1187 760 istos
1208 717 1426 775 dialogos,

70 782 144 836 qui
192 779 408 823 communi
458 778 708 821 criticorum
755 775 970 820 sententia
1021 774 1219 817 Platonis
1273 791 1429 818 nomen

67 837 351 890 mentiuntur,
384 836 622 893 Theagem,
646 833 965 891 Hipparchum,
999 833 1191 887 Rivales,
1213 833 1427 887 Minoem,

69 895 196 949 alios,
240 902 284 936 et
313 893 442 936 facile
474 891 819 946 animadvertes,
851 889 958 946 quid
991 889 1156 932 distent
1184 905 1285 932 aera
1315 890 1429 948 lupi·

68 953 149 995 nis.
209 951 382 1008 Quippe
412 951 455 993 in
491 951 686 1007 Legibus
717 950 800 991 etsi
842 947 1099 1004 simplicitas
1131 949 1347 991 sermonis
1379 964 1430 990 ea

69 1017 152 1062 est,
184 1024 295 1064 quae
326 1009 586 1063 urbanitatis
606 1014 647 1050 et
666 1006 908 1063 elegantiae
930 1011 1203 1048 venustatem
1221 1021 1310 1048 non
1340 1021 1429 1048 ma-

70 1082 260 1123 gnopere
292 1073 593 1119 consectetur,
625 1079 825 1120 quaeque
854 1078 930 1120 per
957 1064 1103 1105 omnia
1133 1063 1271 1106 senile
1302 1063 1429 1118 quid-

71 1125 170 1166 dam
193 1124 368 1176 referat,
385 1130 528 1165 tamen
551 1122 657 1164 nihil
678 1137 863 1176 usquam
888 1121 1080 1176 reperias
1099 1120 1248 1162 talium
1269 1121 1430 1177 inepti-

72 1197 218 1235 arum,
257 1180 407 1235 quales
430 1180 478 1222 in
508 1180 594 1222 illis
624 1179 744 1221 libris
774 1178 1049 1235 reperiuntur
1077 1176 1429 1221 innumerabiles.

76 1237 167 1281 Sed
200 1237 320 1279 aliud
352 1236 457 1292 quid
488 1244 571 1290 est,
602 1236 721 1292 quod
751 1236 1016 1278 Zellerus
1045 1235 1073 1277 l.
1106 1251 1143 1278 c.
1174 1251 1216 1291 p.
1248 1237 1298 1276 71
1332 1251 1430 1292 sqq.

75 1303 119 1338 et
158 1295 363 1337 Astius
407 1311 447 1350 p.
495 1296 592 1337 388.
633 1300 842 1349 tanquam
881 1291 1105 1349 proprium
1160 1295 1350 1335 sermoni
1388 1295 1433 1336 in

73 1353 271 1409 Legibus
315 1351 464 1393 habito
505 1358 778 1394 notaverunt.
851 1350 1052 1407 Regnare
1082 1351 1196 1392 enim
1226 1366 1305 1407 per
1335 1367 1433 1394 eum

72 1409 472 1453 animadverterunt
530 1409 760 1465 gravitatis
812 1406 1032 1463 quandam
1062 1411 1065 1415 ’
1091 1406 1431 1463 affectationem,

74 1482 187 1523 quae
217 1467 346 1509 abeat
374 1481 506 1523 saepe
539 1467 667 1508 etiam
697 1466 742 1507 in
775 1465 1104 1508 insolentiorem
1131 1466 1432 1509 austeritatem

74 1540 124 1567 ac
169 1524 420 1579 tristitiam,
461 1538 486 1565 a
524 1523 796 1581 dialogorum
835 1522 1163 1565 Platonicorum
1194 1523 1433 1568 festivitate

74 1589 119 1624 et
159 1581 376 1624 hilaritate
422 1596 602 1639 prorsus
645 1580 843 1624 alienam.
905 1580 1002 1622 Nec
1031 1595 1135 1623 vero
1165 1582 1315 1638 negari
1344 1582 1433 1625 ullo

77 1639 206 1682 modo
249 1645 423 1695 potest,
465 1638 690 1682 verissime
730 1638 775 1680 id
814 1654 839 1681 a
879 1638 985 1680 viris
1017 1638 1207 1695 egregiis
1238 1639 1433 1682 animad-

77 1711 248 1739 versum
293 1711 404 1739 esse.
474 1695 564 1740 Sed
604 1695 724 1751 quod
763 1695 866 1738 inde
909 1696 1197 1752 collegerunt,
1241 1711 1336 1740 eam
1366 1713 1433 1740 ra-

75 1755 239 1796 tionem
282 1754 336 1796 ab
375 1759 466 1795 arte
509 1760 554 1796 et
590 1754 761 1796 ratione
804 1753 1002 1796 Platonis
1027 1768 1138 1796 ‘esse
1169 1752 1433 1809 alieniorem,

75 1811 131 1854 de
159 1827 212 1854 eo
253 1811 413 1853 habere
453 1811 650 1854 videmur
689 1826 768 1854 eur
805 1811 899 1853 iure
941 1809 1131 1866 quodam
1173 1818 1324 1856 nostro
1355 1829 1434 1855 no-

77 1875 213 1911 strum
256 1868 466 1910 iudicium
516 1869 569 1911 ab
623 1869 815 1925 ipsorum
868 1868 1087 1910 sententia
1137 1869 1434 1926 seiungamus.

79 1924 256 1980 Quippe
294 1940 384 1966 rem
427 1941 602 1981 gravem
642 1941 745 1968 sane
785 1940 837 1967 ac
866 1940 1062 1967 severam
1101 1925 1146 1967 in
1186 1926 1272 1969 hoc
1302 1942 1434 1984 opere

78 1982 170 2039 egit
201 1981 351 2035 Plato,
392 1980 495 2023 dum
536 1997 664 2024 verae
703 1983 872 2024 civitati
898 1982 1019 2038 leges
1051 1982 1242 2038 scripsit.
1302 1983 1435 2028 Certe

78 2054 130 2082 ea
165 2054 236 2081 res
276 2038 462 2080 multum
500 2038 674 2081 diversa
704 2039 788 2082 fuit
817 2039 871 2081 ab
902 2039 977 2081 illo
1007 2040 1210 2096 negotio,
1243 2042 1362 2097 quod
1391 2043 1436 2085 in

77 2095 347 2151 exquirenda
387 2096 578 2152 optimae
617 2096 809 2138 civitatis
858 2097 1004 2152 specie
1044 2103 1087 2138 et
1125 2097 1315 2154 imagine
1363 2115 1440 2143 su-

80 2154 220 2210 scepit
250 2159 382 2208 atque
414 2153 567 2209 gessit.
629 2154 741 2196 Nam
763 2154 834 2195 hic
865 2153 1038 2209 quidem
1073 2170 1243 2198 omnem
1273 2156 1436 2214 leporis

79 2218 123 2252 et
162 2210 424 2253 urbanitatis
467 2212 551 2253 vim
599 2217 729 2266 atque
769 2211 939 2267 copiam
982 2220 1156 2268 poterat
1199 2214 1434 2270 explicare,

82 2284 214 2325 quum
261 2275 305 2309 et
335 2267 433 2323 ipsa
464 2270 663 2322 quaestio
693 2276 809 2312 esset
840 2269 1101 2312 suavissima
1131 2278 1175 2312 et
1206 2272 1326 2314 nulla
1352 2273 1435 2316 du·

81 2325 220 2368 cenda
276 2340 425 2367 eorum
475 2326 698 2368 hominum
755 2327 890 2380 ratio,
941 2326 1102 2382 quibus
1160 2329 1436 2375 scriberetur.

81 2382 184 2425 Alia
221 2389 367 2424 autem
409 2382 492 2425 fuit
531 2384 699 2440 Legum
729 2384 853 2426 ratio.
913 2383 967 2426 In
997 2383 1065 2427 his
1097 2385 1210 2427 enim
1242 2387 1437 2444 philoso-

82 2440 194 2495 phus
248 2439 547 2496 legumlatoris
599 2456 827 2496 personam
868 2442 1084 2484 sustinere
1125 2452 1305 2487 coactus
1338 2446 1435 2500 fuit,

83 2511 181 2539 cum
227 2512 315 2551 qua
363 2498 520 2540 festiva
557 2498 632 2540 illa
663 2498 900 2554 hilarisque
929 2498 1185 2555 disputandi
1215 2503 1327 2545 ratio
1359 2504 1438 2545 mi-

82 2569 165 2596 nus
205 2555 503 2598 conveniebat.
573 2556 732 2611 Itaque
772 2556 818 2602 in
855 2556 1053 2613 Legibus
1084 2559 1342 2614 gravitatem
1372 2567 1436 2603 at-

86 2626 172 2667 que
203 2612 478 2654 severitatem
512 2613 723 2656 orationis
754 2629 848 2656 eam
878 2613 1090 2668 adscivit,
1131 2629 1244 2669 quae
1284 2617 1438 2661 decere

83 2667 304 2710 videretur
335 2669 401 2710 vel
434 2670 620 2712 maxime
651 2686 761 2723 eum,
795 2671 869 2726 qui
904 2686 1046 2712 veram
1080 2671 1302 2718 civitatem
1334 2691 1438 2719 con·
