1644 2886
274 69 359 112 DE
394 49 672 111 nmmos
705 66 823 110 [ΑΒ
859 65 961 108 vn
995 64 1042 107 Ρ
1074 65 1170 108 800.
1203 61 1268 107 St
1359 61 1439 104 295

51 180 56 189 ’
93 206 138 233 τε
173 206 247 232 και
280 192 428 246 ἱεροῖς,
464 184 559 238 υἱός
595 204 620 241 η
656 189 730 231 καὶ
764 183 974 245 ἀδελφός,
1000 186 1261 244 βλασφημοῖ
1289 181 1440 224 πᾶσαν

90 259 391 337 βλασφημίαν,
416 247 493 310 ἇρ
533 253 627 307 οὐκ,
649 253 710 297 ἂν
744 262 922 314 ᾳαῖμεν,
942 251 1155 308 ἀθυμίαν
1187 267 1262 294 και
1297 245 1440 299 κακὴν

91 321 231 368 ὄτταν
272 326 346 367 καὶ
391 326 608 378 μαντείαν
651 325 787 379 πατρὶ
843 339 916 365 και
958 329 1053 371 τοῖς
1087 315 1250 368 ἄλλοις
1281 333 1341 360 αν
1377 320 1440 360 οὶ·

92 395 223 443 ustaig
255 393 507 450 φθέγγοιτο
543 392 760 442 ἑντιθείςς

193 459 302 504 ΚΛ.
374 457 434 501 Τί
464 457 580 514 μήν,-

190 525 292 569 ΑΘ.
357 523 429 568 Ἐν
472 529 621 569 τοίνυν
663 532 759 574 τοῖς
805 522 906 579 παρ’
958 520 1064 577 ἡμῖν
1108 519 1266 570 τόποις
1308 515 1434 575 τοῦτ’

92 595 181 636 ἐστὶ
221 601 320 643 ταῖς
354 590 505 636 πόλεσι
541 590 827 647 γιγνόμενον,
862 589 920 641 ὡς
954 593 1059 640 ἔπος
1092 592 1252 638 εἰπεῖν,
1288 583 1443 643 σχεδὸν

92 661 245 715 ὀλίγου
281 658 476 710 πιέσαις·
513 662 706 716 δημοσίᾳ
739 676 826 715 γαρ
862 675 964 701 τινα
994 659 1164 700 θυσίαν
1192 654 1305 698 ὅταν
1324 652 1440 710 ἀρχή

93 745 158 778 τις
192 726 338 788 θύσῃ,
370 744 482 783 μετα
527 730 670 770 ταῦτα
718 725 852 804 χορὸς
893 724 976 804 οὐχ
1010 723 1069 774 εἷς
1106 722 1222 765 ἀλλὰ
1259 723 1444 774 πλῆθος

88 797 240 853 χορῶν
274 810 379 847 ηκει,
398 812 473 838 και
507 793 693 844 στάντες
726 795 779 837 ού
816 791 970 856 πόῤῥω
1009 793 1095 835 τῶν
1130 791 1291 846 βωμῶν
1324 787 1440 832 ἀλλὰ

92 861 201 919 παρ’
251 860 421 912 αὐτοὺς
467 865 607 905 ἐνίοτε
651 863 804 904 πᾶσαν
847 862 1138 920 βλασφημίαν
1182 860 1270 901 τῶν
1315 857 1444 913 ἱερῶν

92 935 368 986 καταχέουσι,
389 928 555 987 ῥήμασί
589 946 635 972 τε
671 932 745 972 καὶ
780 927 981 987 ῥυθμοῖς
1016 929 1088 971 καὶ
1118 925 1444 980 γοωδεστάταις

93 996 331 1053 ἁρμονίαις
365 1000 664 1048 συντείνοντες
700 995 782 1047 τὰς
830 999 920 1039 τῶν
955 994 1247 1051 ἀκροωμένων
1282 990 1444 1054 ψυχάς,

93 1068 166 1109 καὶ
215 1063 264 1115 ὃς
312 1060 370 1106 ἂν
419 1065 636 1122 δακρῦσαι
684 1062 878 1119 μάλιστα
923 1061 1007 1116 τὴν
1044 1062 1260 1106 θύσασαν
1297 1078 1442 1117 παρα-

187 1230 226 1262 C.
275 1226 339 1272 ἆρ’
372 1228 470 1270 otiu,
502 1228 551 1264 ἄν
586 1235 758 1272 φαῖμεν,
795 1227 882 1274 zia]
920 1232 972 1263 De
1013 1232 1078 1263 loci
1111 1231 1287 1273 scriptura
1319 1240 1349 1261 v.
1385 1238 1443 1261 ex-

96 1279 232 1319 plicatt.

186 1324 307 1365 πατρὶ
335 1324 404 1355 καὶ
432 1327 522 1356 τοῖς
547 1321 713 1368 ἄλλοις]
742 1323 862 1366 Steph.
889 1324 992 1364 πατρί
1014 1335 1046 1355 τε
1072 1324 1126 1355 καὶ
1153 1335 1177 1355 τ.
1194 1323 1318 1355 invitis
1342 1321 1445 1354 codd.

96 1371 269 1402 omnibns.
319 1369 356 1402 in
385 1371 468 1403 Ald.
493 1370 575 1403 Bas.
602 1370 633 1404 1.
660 1371 692 1405 2.
720 1371 808 1403 Lov.
835 1375 939 1412 utque
966 1370 1056 1403 Ven.
1084 1371 1123 1404 Ξ.
1155 1370 1263 1402 verba
1289 1368 1393 1410 πατρί
1415 1378 1446 1399 τε

96 1417 237 1448 omnino
262 1416 401 1449 absunt.
440 1455 442 1457 ‚

96 1565 151 1596 sin
175 1565 222 1597 sit
247 1566 501 1606 accipiendum.
549 1566 637 1599 Nam
664 1567 733 1620 pri-

96 1612 206 1643 maria
234 1613 428 1644 sententiae
458 1623 541 1654 pars
578 1618 646 1645 est·
679 1608 733 1653 ἄρ’

97 1651 162 1688 ov'x
187 1653 230 1688 ἄν
253 1657 458 1700 φθέγγοιτο.
508 1659 563 1691 De
588 1656 630 1691 ἂν
654 1669 733 1700 par-

95 1704 203 1736 ticula
225 1704 261 1736 in
285 1705 484 1746 parenthesi
510 1707 659 1747 primum
681 1706 732 1737 lo-

95 1760 172 1781 cum
197 1757 389 1791 occupante
415 1763 445 1782 v.
471 1752 516 1783 ad
535 1751 672 1784 Criton.
698 1763 732 1793 p.

95 1796 152 1830 52.
178 1795 223 1827 D.
266 1795 395 1828 phaed.
421 1797 476 1831 87.
508 1801 552 1829 A.
604 1799 744 1839 Perpe³

97 1852 171 1874 ram
195 1842 356 1874 Astius
381 1844 552 1884 cogitavit
582 1845 626 1877 de
652 1844 735 1876 dua-

801 1566 1027 1600 Ruhnken.
1063 1567 1108 1599 ad
1144 1565 1236 1598 Tim.
1265 1564 1381 1597 Gloss.
1409 1574 1440 1605 p.

801 1613 879 1648 197.
929 1614 995 1645 Cui
1020 1618 1114 1646 recte
1138 1613 1364 1654 subiungitur
1388 1611 1443 1642 καὶ

799 1661 975 1700 μαντείαν,
1000 1660 1095 1701 quod
1119 1670 1211 1691 nunc
1235 1668 1306 1691 non
1330 1658 1443 1699 signi-

799 1707 882 1739 ficat
931 1707 1324 1745 vaticinationem.
1380 1704 1442 1736 sed

801 1754 918 1795 potius
943 1754 1130 1785 tacitam
1161 1752 1299 1785 animi
1331 1751 1441 1783 divi-

803 1801 1049 1839 nationem,
1076 1809 1222 1840 eamque
1254 1799 1339 1829 item
1363 1807 1442 1829 ma-

803 1847 904 1884 lam3
928 1856 1009 1878 nam
1035 1844 1144 1887 κακήν
1173 1846 1218 1878 ad
1243 1844 1335 1877 hane
1357 1853 1443 1885 quo.-

98 1889 162 1920 bus
188 1889 372 1920 structuris
391 1889 428 1920 in
447 1899 553 1922 unum
568 1891 736 1923 conflatis.

144 1933 213 1965 καὶ
239 1932 374 1975 κακὴν
401 1931 532 1978 ὄτταν
557 1937 625 1968 καὶ
641 1947 735 1976 μαιν-

100 1979 230 2021 τειάι·]
244 1980 287 2012 W
299 1981 339 2012 in
350 1981 398 2012 ke
409 1981 419 2012 l
430 1992 519 2014 man
532 1983 735 2014 nusPraef.

96 2026 142 2058 ad
172 2027 226 2058 ed.
256 2027 341 2059 min.
371 2038 404 2068 p.
430 2027 498 2059 XI.
524 2028 657 2069 locum,
682 2034 735 2059 nt-

97 2078 179 2114 pote
220 2074 372 2114 turpiter
413 2073 644 2107 deformatum
688 2077 737 2107 sic

98 2119 339 2159 retingendum
352 2121 560 2153 arbitratur.
588 2118 642 2163 ἆρ’
672 2119 738 2153 οὔκ

100 2177 141 2196 αν
166 2162 360 2207 δυςφημίαν
386 2178 439 2197 nal
465 2179 660 2200 nanottecav
675 2179 736 2199 2111-

100 2211 148 2252 τρὶ
173 2222 203 2242 κ.
230 2223 255 2242 τ.
284 2212 310 2242 λ
347 2211 430 2244 Non
457 2215 614 2246 videmus
639 2225 737 2247 caus-

98 2268 172 2290 sam
200 2259 404 2290 mutationis
443 2262 529 2292 satis
561 2262 736 2293 idoneam.

100 2303 188 2336 Nam
212 2305 307 2346 quod
323 2305 383 2337 Ph
396 2308 513 2339 otius
537 2307 667 2349 p.125.
686 2307 736 2341 18.

99 2350 231 2390 aliique
268 2349 497 2385 Grammatici
542 2356 738 2386 κακοηείαν

102 2397 372 2437 interpretantur
392 2402 627 2441 κακοφημίαν,
657 2401 738 2442 fila-

105 2442 263 2482 σφημιάν,
271 2444 307 2476 id
321 2455 385 2477 nec
394 2445 542 2479 Platone
560 2449 739 2479 nominato

105 2487 256 2531 faciunt
284 2499 348 2522 nec
385 2494 530 2525 omnino
565 2494 610 2526 ad
648 2494 740 2526 hunc

104 2535 220 2565 iocum
244 2535 381 2569 videtur
404 2541 592 2580 pertinere.
625 2538 741 2581 Κακὴ

105 2578 205 2611 ὄπτα
242 2586 312 2614 est.
334 2585 485 2618 malum
526 2597 665 2626 omen,
706 2594 742 2617 ut

105 2622 223 2667 ἀγαθὴ
254 2623 528 2664 dooaAelian.
551 2634 643 2666 Hist.
659 2634 740 2666 ΑΛ.

106 2672 192 2705 ΧΠ
227 2674 258 2707 1
289 2675 333 2706 al.
365 2675 683 2720 bonumomen3
712 2691 742 2709 v

805 1902 872 1933 que
896 1892 1117 1924 trahendum.

853 1935 1042 1980 δημοσίᾳ
1063 1935 1145 1980 γάρ
1167 1947 1258 1968 τινα
1278 1935 1445 1967 θυσίαν

808 1981 913 2015 ὅταν
944 1980 1050 2027 α’ρχή
1084 1983 1148 2026 -]
1183 1984 1319 2015 Abesse
1349 1982 1446 2014 iubet

805 2031 932 2063 choros
945 2056 954 2071 ,
993 2031 1051 2073 qui
1086 2031 1123 2062 in
1161 2030 1306 2062 deorum
1344 2029 1444 2060 festis

804 2078 913 2118 impia
948 2082 982 2109 et
1019 2077 1174 2109 absurda
1211 2076 1446 2118 proferentes,

808 2124 941 2163 verbis,
972 2123 1134 2165 rhythmo
1178 2128 1212 2154 et
1249 2122 1446 2154 harmoniis

796 2170 850 2206 ,ad
882 2170 1063 2202 mollitiem
1089 2170 1319 2211 comparatis,
1345 2168 1445 2201 audi-

806 2217 939 2248 entium
970 2218 1108 2249 animos
1147 2216 1317 2255 molliter,
1347 2216 1381 2248 h.
1415 2226 1445 2248 e.

806 2263 916 2302 maie,
947 2263 1122 2304 afficiant,
1152 2263 1202 2295 ita
1235 2267 1275 2294 ut
1308 2262 1356 2300 ii,
1388 2262 1446 2303 qui

806 2310 1063 2342 multitudinem
1088 2310 1237 2342 maxime
1262 2308 1307 2341 ad
1328 2307 1447 2339 fletum

806 2362 840 2387 et
864 2356 1148 2388 lamentationem
1179 2355 1449 2395 commoverint,

806 2403 911 2434 etiam
945 2403 1116 2434 victoriae
1157 2402 1350 2443 praemium
1392 2410 1447 2432 re-

809 2452 960 2489 portent.
997 2449 1151 2490 Insignis
1177 2449 1220 2480 de
1245 2448 1311 2480 hac
1333 2457 1373 2479 re
1396 2447 1446 2479 io-

810 2505 871 2526 cus
903 2499 956 2527 est
985 2494 1094 2536 Gorg.
1127 2505 1159 2536 p.
1193 2494 1275 2529 501.
1308 2493 1338 2525 E
1368 2503 1447 2535 sqq.

810 2540 869 2572 ubi
896 2552 928 2572 v.
954 2551 1042 2582 quae
1070 2542 1141 2573 alia
1165 2541 1208 2573 de
1234 2541 1300 2574 hac
1324 2549 1360 2572 re
1384 2539 1448 2572 ad·

811 2588 1011 2628 scripsimus
1082 2587 1241 2620 Platonis
1305 2586 1446 2619 iudicia.

814 2634 902 2665 Eum
928 2645 1007 2665 vcro
1034 2638 1172 2666 constat
1189 2633 1310 2676 poEsin
1327 2637 1361 2664 et
1373 2643 1445 2665 mu-

813 2681 918 2712 sivam
953 2681 1129 2713 censuisse
1167 2691 1234 2712 non
1273 2680 1315 2713 ad
1351 2681 1446 2712 volu-
