1644 2886
496 77 579 120 DE
611 75 890 120 LEGIBUS
923 83 1006 118 etc.
1333 77 1368 115 (ἱ
1379 73 1413 114 V

49 201 184 241 sunt,
224 190 268 233 id
308 192 508 248 profecto
551 205 630 247 per
671 189 812 246 ipsius
842 190 1036 245 consilii,
1070 189 1189 247 quod
1222 188 1415 244 philoso-

17 258 19 262 ’
57 249 169 306 phus
209 255 426 305 sequutus
462 254 544 303 est,
589 247 783 289 rationes
823 246 949 290 aliter
993 247 1087 289 fleri
1125 246 1246 289 nullo
1285 244 1415 288 modo

50 307 214 363 potuit.
282 306 440 361 Neque
479 304 526 347 id
563 303 770 347 abhorret
806 303 862 346 ab
891 306 986 347 eius
1015 305 1196 361 ingenio
1223 302 1293 346 vel
1322 309 1416 345 stu—

57 363 166 414 diis3
206 378 335 418 quem
374 362 451 417 qui
492 361 751 404 dictitarunt
789 361 917 404 unice
956 362 1000 404 in
1053 361 1182 403 beata
1227 358 1416 417 quadam

57 435 200 462 rerum
238 419 486 461 divinarum
534 417 907 474 contemplatione
957 430 1178 460 versatum
1225 431 1323 459 esse
1370 427 1415 458 et

55 493 191 534 prope
228 476 511 530 habitavisse,
542 490 687 530 neque
723 475 914 517 animum
947 489 1212 533 magnopere
1251 472 1307 516 ad
1347 489 1414 515 re·-

56 549 151 577 rum
189 534 472 579 humanarum
520 531 870 575 observationem
914 541 974 579 'et
1021 532 1416 575 considerationem

57 590 309 645 demisisse,
372 606 452 632 nae
502 590 578 632 isti
628 587 804 644 quidem
869 589 1055 631 invitum
1114 590 1157 631 in
1218 588 1415 630 divinum

57 648 183 703 qnasi
233 647 453 703 quoddam
517 644 785 702 ergastulum
843 647 1159 703 compegerunt
1224 653 1270 687 et
1317 653 1415 687 tan-

56 712 149 747 tum
196 720 284 746 non
331 719 386 746 ex
447 702 637 745 humana
694 703 904 745 societate
953 703 1128 745 exulare
1177 702 1414 746 iusserunt.

56 762 211 816 ltaque
246 761 331 803 ista
369 760 544 815 quidem
583 759 730 802 omnia
772 766 876 802 sunt
913 760 1154 813 eiusmodi,
1202 766 1252 802 ut
1294 758 1415 801 nullo

55 818 185 861 modo
222 818 325 860 inde
365 832 549 860 caussae
588 817 728 872 repeti
768 832 899 872 posse
943 816 1205 871 videantur,
1236 830 1317 863 cur
1347 831 1415 858 ar—

0 872 3 921 {
115 882 307 918 mentum
347 875 493 930 operis
533 873 691 916 studiis
729 881 774 915 et
811 874 1009 916 consiliis
1041 874 1241 917 Platonis
1268 872 1414 915 minus

53 891 235 989 ffi'gnum
275 947 371 974 esse
404 932 685 985 arbitremur,
717 932 974 987 praeser³¹im
1007 946 1140 987 quum
1171 945 1252 973 nec
1285 930 1414 985 quid·-

54 1005 183 1044 quam
226 989 269 1030 in
310 1004 362 1030 eo
403 989 670 1044 reperiatur,
702 987 824 1042 quod
857 995 933 1030 aut
962 988 1171 1031 historiae
1202 987 1308 1030 fidei
1338 994 1415 1029 aut

52 1046 192 1102 ipsius
236 1045 485 1102 philosophi
525 1045 752 1088 doctrinae
793 1045 968 1087 aliunde
1001 1045 1205 1103 cognitae
1238 1052 1414 1088 contra-

51 1104 163 1145 rium
206 1103 276 1144 sit.
348 1103 438 1144 lam
480 1117 584 1144 vero
625 1102 754 1144 etiam
791 1103 1060 1145 materiae
1099 1103 1411 1145 tractatio·

54 1175 172 1202 nem
209 1161 341 1213 atque
373 1160 599 1201 formam
634 1159 822 1215 operis
854 1167 908 1201 et
939 1160 1413 1216 compositionem

53 1222 303 1273 spectantes
343 1215 460 1258 haud
511 1231 615 1258 sane
664 1216 953 1272 reperiemus,
999 1216 1045 1258 in
1096 1231 1184 1271 quo
1231 1216 1413 1258 multum

53 1271 340 1315 offendamus.
412 1273 746 1327 Descriptio
785 1280 904 1315 certe
943 1274 1248 1316 universae
1295 1273 1414 1315 dis-

40 1330 398 1387 putationis,
441 1329 677 1372 dummodo
708 1329 942 1386 diligenter
981 1331 1210 1386 explorata
1240 1337 1284 1372 et
1316 1345 1414 1385 per·

54 1402 191 1444 pensa
220 1387 374 1440 fuerit,
407 1387 646 1442 unicuique
677 1402 730 1429 ea
759 1387 897 1430 videri
927 1386 1083 1442 debet,
1117 1403 1230 1443 quae
1261 1403 1411 1430 omnes

53 1458 255 1486 numeros
296 1445 404 1487 artis
444 1444 700 1486 Platonicae
740 1445 900 1486 reserat
936 1451 1067 1499 atque
1106 1445 1311 1488 instituta
1354 1445 1413 1487 sit

53 1500 375 1555 sollertissime,
413 1509 463 1543 ut
501 1517 582 1544 nec
620 1500 822 1543 dubitare
862 1502 1019 1554 liceat,
1062 1502 1168 1557 quin
1216 1501 1410 1559 philoso-

53 1556 166 1614 phus
203 1557 351 1600 statim
390 1559 445 1600 ab
482 1558 610 1600 initio
656 1565 890 1614 susceptae
933 1559 1187 1615 scriptionis
1238 1573 1409 1601 omnem

50 1615 139 1656 fere
187 1615 392 1656 materiae
439 1615 526 1656 vim
576 1622 709 1671 atque
765 1616 938 1672 copiam
1001 1631 1262 1672 omnemque
1315 1616 1409 1658 eius

51 1671 303 1713 tractandae
347 1671 460 1713 viam
509 1679 552 1714 et
588 1673 800 1715 rationem
848 1679 993 1715 mente
1042 1679 1087 1715 et
1132 1674 1277 1716 animo
1327 1688 1409 1715 suo

51 1727 403 1784 comprehensam
443 1730 646 1771 tenuerit.
717 1729 819 1783 Quo
851 1730 990 1786 magis
1019 1730 1218 1786 profecto
1249 1731 1410 1772 miran-

49 1783 152 1826 dum
171 1792 252 1838 est,
285 1785 402 1840 quod
422 1800 560 1841 nuper
589 1788 843 1840 extiterunt,
875 1788 965 1842 qui,
999 1787 1082 1829 hac
1114 1803 1159 1829 re
1206 1788 1427 1844 neglecta«

55 1840 227 1882 Platoni
277 1841 524 1897 neglectum
577 1843 886 1899 disputationis
935 1844 1130 1886 ordinem
1183 1851 1410 1886 verterent

51 1897 289 1952 opprobrio
327 1897 527 1952 adeoque
576 1906 796 1955 tamquam
840 1915 1035 1942 normam
1086 1901 1407 1958 praeciperent,

50 1953 107 1996 ad
148 1969 276 2009 quam
316 1953 629 2009 disputationis
669 1957 724 1998 ab
767 1971 819 1998 eo
858 1957 1086 2013 institutae
1123 1972 1298 2000 cursum
1342 1957 1409 1999 di—

50 2016 215 2052 rectum
255 2026 352 2053 esse
393 2012 569 2054 vellent.
638 2013 876 2054 Enimvero
924 2020 992 2057 est
1041 2029 1147 2057 sane
1188 2014 1407 2056 interdum

48 2066 219 2110 facilius
258 2068 349 2110 suis
393 2068 621 2125 indulgere
665 2070 967 2125 opinionibus,
1017 2086 1146 2126 quam
1188 2071 1296 2126 quid
1334 2071 1406 2113 alii

49 2125 267 2167 senserint
304 2124 539 2181 diligenter
572 2126 837 2184 investigare
878 2127 1005 2183 eique
1045 2129 1202 2170 rationi
1246 2144 1406 2171 conve-

49 2180 221 2223 nienter
257 2181 311 2223 de
354 2183 559 2237 operibus
599 2199 747 2226 eorum
784 2183 981 2227 iudicare
1023 2193 1154 2240 atque
1195 2192 1404 2240 statuere,

50 2236 168 2293 quod
209 2245 326 2280 certe
366 2239 409 2280 in
450 2240 731 2283 aestimandis
772 2241 967 2297 Legibus
998 2242 1182 2285 maxime
1212 2243 1298 2285 fuit
1330 2259 1405 2286 ne-

49 2294 299 2337 cessarium.
368 2296 465 2339 Nec
505 2311 608 2340 vero
646 2298 790 2341 minus
828 2297 972 2341 laudis
1003 2299 1136 2342 habet
1166 2306 1403 2342 ornatus

49 2348 266 2409 dialogi
298 2354 587 2407 scenicus,
629 2355 704 2410 qui
735 2356 816 2399 etsi
861 2364 929 2397 est
967 2371 1177 2412 perquam
1218 2357 1403 2413 simplex

47 2411 178 2462 atque
216 2409 428 2466 exignus,
471 2417 617 2453 tamen
658 2427 756 2454 cum
797 2426 1040 2456 sermonum
1073 2420 1331 2471 argumento
1362 2420 1407 2456 et

50 2463 233 2518 reliqua?
252 2481 395 2508 rerum
441 2468 703 2510 tractatione
742 2476 830 2511 tam
869 2471 1046 2527 egregie
1085 2471 1316 2524 convenit,
1354 2478 1405 2513 ut

48 2533 138 2562 non
174 2521 305 2564 modo
344 2523 530 2579 criticis,
571 2525 677 2580 quid
711 2526 752 2567 in
784 2541 836 2569 eo
867 2527 1257 2583 reprehenderent,
1296 2527 1403 2569 nihil

49 2575 447 2642 fere-praebuerit,
487 2597 636 2625 verum
678 2583 806 2625 etiam
852 2584 918 2626 ele
951 2585 1097 2627 antiae
1150 2584 1402 2626 Platonicae

51 2633 279 2676 manifesta
318 2635 440 2691 signa
482 2645 523 2681 et
564 2638 825 2682 documenta
866 2655 912 2684 re
933 2648 1038 2684 erat.
1108 2647 1255 2696 Atque
1287 2641 1399 2684 idem
