1644 2886
498 119 580 161 DE
614 117 893 162 LEGIBUS
927 126 1008 160 etc..
1181 116 1406 160 LXXXV

41 235 175 277 tionis
217 233 240 276 ὁ
284 236 361 276 νῦν
393 231 447 284 δὴ
496 232 631 287 λόγος
669 232 777 285 ἡμῖν
815 236 1045 289 ἐπιχυθείς
1073 232 1195 275 Libr.
1226 230 1332 272 VII.
1365 245 1407 285 p.

0 291 4 325 3
43 308 85 348 p.
126 293 220 333 793.
269 291 316 331 Β.
361 290 612 346 praesertim
654 305 787 345 quum
839 289 932 346 ipse
979 288 1104 333 Plato
1144 287 1295 331 eadem
1345 286 1408 329 lo-

0 351 2 405 J
43 348 204 405 quendi
253 348 420 390 ratione
464 347 592 389 etiam
642 346 816 389 Politici
869 363 910 402 p.
955 348 1051 389 302.
1094 346 1145 389 C.
1186 359 1292 388 usus
1335 345 1406 386 sit.

44 405 323 461 Exquisitius
372 410 515 446 autem
560 411 628 447 est
670 419 750 446 nec
805 403 900 445 sine
944 404 1163 459 gravitate
1218 402 1406 444 dictum:

0 466 1 471 ’
44 464 213 518 πατρὸς
250 461 276 514 ἢ
315 464 486 517 μητρός
523 463 675 517 ψυχήν
717 463 935 512 τολμῆσαι
974 461 1236 514 ἀποστερεῖν
1266 458 1407 512 σώμα-

43 538 120 571 τος
150 520 274 563 Libr.
314 518 396 560 lX.
427 534 469 574 p.
502 519 598 561 873.
634 519 688 559 A.
749 517 846 560 Nec
885 517 1068 560 moleste
1110 515 1289 560 ferenda
1320 530 1409 557 me-

44 578 242 635 tonymia
283 577 403 618 Libr.
445 576 480 617 l.
522 591 564 631 p.
607 576 703 617 (543.
749 575 804 615 A.
847 575 920 616 ubi
963 574 1206 630 disputatio
1247 573 1410 615 dicitur

43 633 281 691 procedere
312 632 470 675 debere
509 631 737 688 paullatim
770 636 883 684 προς
914 631 992 673 τόν
1025 633 1163 680 θεόν,
1203 629 1409 672 videlicet

45 691 101 734 ad
139 691 413 747 Dionysum,
465 688 670 743 quoniam
711 687 871 730 dehinc
915 687 970 730 de
1011 703 1093 731 usu
1133 688 1224 729 vini
1266 686 1407 742 deque

44 746 442 804 compotationibus
473 744 778 788 disserendum
810 752 888 787 est.
950 744 1075 788 Scita
1103 760 1236 801 porro
1268 743 1406 785 dictio

41 812 110 848 est
150 811 195 847 et
231 805 456 860 eleganter
501 802 556 845 ad
589 818 678 844 rem
710 808 981 857 praesentem
1015 802 1251 846 translata:
1297 801 1406 842 ὅταν

42 862 88 961 {ci
111 862 316 915 ποιητής)
348 866 394 902 ἐν
425 861 485 914 τῷ
519 867 693 915 τριποὸι
727 862 805 911 τῆς
830 861 1019 911 Μυῦσης
1048 859 1248 910 κάθηται
1285 857 1406 899 Libr.

67 919 125 962 V.
166 934 208 974 p.
252 919 347 962 719.
387 915 468 970 (3.,
510 915 732 972 habetque
772 917 950 958 omnino
1000 922 1120 960 totus
1157 916 1230 958 ille
1280 915 1405 957 locus

41 977 279 1020 orationem
321 974 552 1030 poeticam.
627 973 796 1016 Contra
834 974 961 1030 plane
1002 981 1069 1017 est
1109 974 1320 1017 usitatum
1362 978 1407 1015 et

42 1033 258 1078 communi
299 1030 507 1086 loquendi
541 1030 850 1073 consuetudini
881 1039 1250 1083 consentaneum,
1284 1029 1405 1083 quod

44 1091 164 1134 Libr.
195 1090 280 1131 XI.
313 1105 352 1145 p.
386 1089 482 1129 936.
505 1087 556 1129 C.
585 1087 795 1130 mendicis
815 1088 1092 1131 interdicitur
1118 1089 1266 1144 εὐχαῖς
1302 1090 1407 1139 βίον

41 1148 280 1200 ἀνηνύτοις
323 1148 637 1198 ξι·λλέγεσι“1ἀι,
693 1146 991 1200 perpetuis
1041 1153 1095 1188 et
1144 1143 1404 1187 infinitis

42 1203 313 1262 precibus
355 1202 564 1244 victum
603 1202 902 1258 colligere:
935 1218 1034 1244 nam
1074 1206 1176 1254 βίος
1205 1217 1258 1243 ea
1287 1201 1329 1241 vi
1361 1207 1406 1241 et

42 1268 259 1319 potestate
299 1259 430 1301 etiam
471 1273 496 1299 a
536 1274 691 1315 prosae
729 1259 939 1302 orationis
981 1259 1270 1316 scriptoribus
1310 1273 1404 1300 sac-

42 1319 219 1377 pissime
241 1318 304 1359 ita
325 1322 582 1371 usurpatum
604 1331 700 1358 esse
731 1322 919 1358 constat.
979 1317 1138 1372 Neque
1159 1316 1249 1358 ullo
1275 1313 1404 1357 modo

43 1375 235 1420 insolens
275 1380 344 1415 est
385 1372 491 1414 illud
521 1373 641 1416 Libr.
684 1373 739 1415 V.
772 1389 816 1428 p.
849 1375 945 1416 730.
976 1373 1033 1415 D.
1068 1382 1091 1416 ο
1122 1380 1263 1428 μέγας
1290 1375 1404 1428 mum

44 1442 90 1477 ὲν
128 1436 255 1476 πολει
298 1434 371 1472 καὶ
415 1432 580 1479 τέλειος
609 1431 742 1480 υὺτος
771 1432 1123 1485 ἀναγορευέσθω
1154 1428 1406 1487 νικηφόρος

42 1492 188 1550 ἀρετῇ,
255 1487 369 1530 Nam
408 1485 693 1542 ἀναγορεύειν
733 1487 910 1529 verbum
953 1493 1018 1529 est
1057 1487 1102 1529 in
1121 1487 1283 1530 talibus
1333 1499 1403 1527 so-

43 1550 182 1591 lemne
214 1551 417 1599 recteque
450 1544 578 1586 etiam
610 1542 772 1586 dicitur
801 1561 878 1601 pro
909 1544 1133 1600 publice
1164 1542 1403 1586 laudari.

43 1605 248 1659 Denique
286 1601 487 1657 attigisse
525 1601 693 1643 iuvabit
730 1601 860 1643 etiam
903 1601 1025 1643 Libr.
1068 1602 1198 1644 VIII.
1231 1618 1272 1658 p.
1306 1602 1403 1642 840.

46 1663 103 1705 D.
142 1661 217 1703 ubi
256 1659 394 1715 primo
439 1665 558 1700 cert-e
601 1657 818 1715 adspectu
860 1658 1069 1701 audacius
1101 1659 1209 1701 haec
1241 1658 1294 1700 de
1327 1657 1403 1699 be-

44 1720 139 1763 stiis
173 1717 398 1760 dicuntur:
437 1732 562 1771 μεχρι
610 1722 902 1770 παιόογυνῐας
953 1717 1103 1767 fiet-em
1138 1722 1210 1758 zm
1242 1714 1402 1769 ἀκήρα-

46 1794 111 1818 τοι
152 1789 305 1829 γαμων
346 1789 388 1814 τε
429 1771 558 1825 ἁγνοὶ
601 1774 745 1824 ζῶσιν.
817 1774 879 1814 At
923 1773 996 1828 qui
1038 1787 1187 1815 secum
1228 1777 1403 1829 reputa-

45 1832 186 1875 verint
222 1828 529 1887 philosophum
572 1828 630 1870 ibi
662 1830 795 1883 cives,
827 1830 1053 1885 proposito
1091 1831 1222 1872 etiam
1255 1829 1403 1871 avicu-

46 1891 183 1932 larum
222 1886 488 1940 aliarumque
529 1886 809 1928 animantium
852 1887 1075 1942 exemplo,
1107 1887 1162 1929 ad
1194 1885 1402 1929 tuendam

44 1946 290 1989 castitatem
335 1948 380 1983 et
427 1942 807 1984 matrimoniorum.
836 1944 1115 1985 sanctitatem
1165 1942 1403 1994 cohortari,

46 2005 74 2046 ii
123 2012 240 2045 certe
290 1998 543 2041 fatebuntur
589 1999 832 2040 orationem
882 2015 936 2041 ne
985 2000 1056 2042 hic
1098 1999 1274 2054 quidem
1307 2014 1403 2042 esse

47 2062 321 2111 invenustam
353 2061 428 2097 aut
458 2053 586 2096 nimis
620 2055 842 2098 audacem.

320 2296 444 2373 Cap.
488 2293 663 2355 XVm.
745 2293 996 2373 Segment.
1042 2297 1121 2357 ΙΙΙ.

72 2421 146 2456 ne
180 2421 445 2455 universae
477 2418 719 2454 orationis
754 2419 1006 2455 structura
1046 2420 1097 2455 et
1137 2420 1379 2463 composi-

185 2479 335 2520 tione,
361 2479 522 2523 deque
548 2476 814 2512 rhetoricis
840 2477 1131 2520 quibusdam
1159 2477 1266 2513 eius

522 2533 936 2580 proprietatibus.

161 2631 307 2684 Atque
339 2628 446 2670 haec
478 2625 653 2681 quidem
688 2625 742 2667 de
774 2625 1002 2668 verborum
1034 2625 1100 2667 vel
1132 2624 1401 2680 singulorum

48 2686 114 2727 vel
139 2687 384 2728 iunctorum
409 2699 490 2726 usu
521 2683 806 2737 grammatico
826 2689 867 2724 et
890 2682 1120 2726 rhetorico.
1176 2681 1401 2736 pergimus
