1644 2886
502 60 584 103 DE
618 57 899 103 LEGIBUS
937 64 1020 100 etc.
1271 58 1434 102 LXXI

61 187 146 229 que
175 174 326 226 μῦθοι
365 172 438 214 isti
478 178 595 215 certe
635 171 746 215 salvi
787 177 893 215 sunt
932 171 1149 228 planeque
1195 170 1432 224 Platonici,

61 237 110 272 ut
151 229 310 273 iniuria
350 228 583 272 videantur
623 229 849 272 sollicitati
893 243 1002 272 esse.
1072 227 1286 272 Similiter
1326 242 1432 270 vero

58 286 188 328 etiam
238 286 293 330 de
350 288 737 343 παραμυθεῖσθαι
787 293 834 328 et
882 282 1182 342 παραμύθιον
1244 284 1432 328 iudicari

0 362 1 374 ¹
58 350 257 399 oport-et,
299 342 420 399 quod
461 343 742 386 vehementer
782 343 990 385 miramur
1061 358 1118 386 uo
1157 349 1290 399 pacto
1331 341 1433 398 quis

58 399 207 443 dicere
244 400 440 457 potuerit
482 416 508 442 a
549 401 735 444 Platone
775 399 831 442 de
869 414 960 442 una
990 414 1043 442 co
1078 400 1298 442 ortatione
1327 413 1434 442 con-

57 456 268 500 solatoria
312 458 516 515 usurpari
558 457 856 500 consuevisse.
929 456 1045 500 Nam
1086 456 1194 513 quid
1243 457 1307 501 rei
1357 456 1434 509 sit,

56 513 235 556 docebit
274 515 502 561 annotatio
542 520 694 557 nostra
733 513 789 556 ad
830 512 1057 556 Phaedon.
1097 529 1140 570 p.
1185 515 1254 556 70.
1292 514 1345 556 Β.
1388 519 1436 556 et

58 571 230 614 Politic.
275 588 317 628 p.
359 573 455 615 268.
491 571 545 613 B.
622 570 842 614 Nolumus
897 570 1012 612 enim
1058 569 1143 613 hoc
1192 571 1292 614 loco
1341 585 1434 613 rem

57 627 201 671 denuo
252 628 508 685 disceptaret
577 626 672 669 Iam
714 643 816 670 vero
876 626 913 668 si
964 627 1191 682 quaeritur
1240 627 1297 670 de
1348 642 1435 670 usu

58 686 181 728 verbi
219 685 425 741 ἐπᾴδειν,
466 690 561 727 toto
602 684 728 728 coelo
760 684 922 739 aliquis
954 699 980 725 a
1010 693 1132 727 recto
1163 684 1436 727 aberraverit

56 741 165 784 illud
203 758 283 799 pro
323 741 513 799 simplici
555 743 698 794 λέγειν
743 741 948 798 usurpari
990 741 1270 795 existimans,
1301 741 1434 784 sicuti

56 799 179 845 Libr.
224 798 289 841 VI
346 814 390 855 p.
430 800 526 841 773.
568 798 625 842 D.
666 798 750 842 IX.
796 813 838 856 p.
877 799 974 843 854.
1016 797 1068 841 C.
1127 798 1306 840 Etenim
1348 798 1434 841 hoc

57 871 234 912 quoque
276 857 457 899 verbum
498 855 726 913 eleganter
767 862 812 900 et
861 870 982 898 more
1023 855 1152 912 plane
1197 855 1433 898 Platonico

55 919 314 969 usurpatum
353 928 451 956 esse
492 912 798 956 contendimus
838 912 892 955 de
925 913 1240 970 persuasione,
1273 927 1433 956 conso-

55 970 244 1025 latione,
278 969 600 1026 admonitione,
633 969 912 1013 demulcendi
944 976 988 1013 et
1018 970 1143 1025 quasi
1174 969 1434 1013 incantandi

56 1028 101 1070 vi
133 1027 345 1084 praedita.
415 1027 584 1084 Neque·
612 1027 742 1071 simili
783 1027 1005 1084 elegantia
1045 1033 1166 1070 caret
1206 1042 1314 1071 usus
1355 1042 1433 1070 vo-

58 1085 206 1128 cabuli
246 1085 401 1140 ὑμνεῖν
443 1091 487 1128 et
513 1089 821 1142 χρησμῳδεῖν,
853 1084 899 1126 id
931 1084 1051 1140 quod
1084 1080 1341 1141 diligentior
1370 1083 1435 1126 lo-

59 1157 208 1184 corum
248 1141 552 1198 interpretatio
595 1141 723 1184 facile
765 1141 951 1185 evincet.
1021 1141 1164 1184 Porro
1202 1141 1322 1196 quod
1353 1141 1435 1184 du-

57 1200 225 1247 bitatur
258 1198 313 1241 de
343 1199 485 1242 verbis
516 1200 748 1253 ἀξιώματα
781 1202 859 1240 τοῦ
889 1204 1039 1253 ἄρχειν
1072 1205 1116 1241 et
1147 1200 1260 1252 πρὸς
1278 1198 1434 1252 ἄρχον-

59 1273 150 1306 τας,
189 1257 276 1303 ista
315 1255 553 1312 quomoda
575 1255 866 1312 intelligenda
896 1256 1006 1310 sint,
1050 1262 1306 1312 comparato
1336 1255 1435 1298 loco

57 1312 178 1356 Libr.
225 1313 306 1356 IV.
339 1330 380 1370 p.
414 1315 509 1356 714.
546 1314 600 1356 D.
632 1314 809 1355 minime
840 1313 1076 1356 obscurum
1109 1320 1198 1367 est,
1233 1312 1435 1368 quando-

19 1404 24 1406 .
58 1369 234 1426 quidem
265 1370 325 1413 ibi
357 1371 450 1413 sine
482 1370 571 1412 ulla
603 1370 880 1413 dubitatione
912 1385 992 1426 pro
1026 1370 1143 1427 vulg.
1178 1376 1223 1412 ἕν
1256 1376 1436 1413 ἐκείνων

58 1430 146 1470 τῶν
176 1428 463 1483 ἀδικημάτων
492 1428 631 1482 ἀρχῆς
661 1427 818 1484 refingi
851 1433 1028 1484 oportet
1059 1432 1104 1470 ἕν
1138 1430 1316 1469 ἐκείνων
1345 1428 1436 1469 τῶν

57 1482 350 1540 ἀξιωμάτων,
397 1484 522 1527 cuius
564 1485 875 1541 interpretatio
917 1493 986 1526 est
1023 1483 1144 1540 quod
1178 1484 1250 1526 alii
1283 1484 1437 1527 volue-

58 1548 162 1584 runt
200 1543 525 1596 δικαιωμάηυν.
595 1541 774 1599 Quippe
814 1549 1032 1585 vocantur
1062 1540 1295 1596 ἀξιώματα
1325 1540 1437 1584 iudi·

58 1598 150 1653 cia,
193 1599 353 1654 quibus
395 1599 495 1655 quis
535 1600 603 1641 vel
636 1599 720 1648 sibi
761 1599 850 1654 ipsi
880 1598 951 1642 vel
981 1598 1079 1642 aliis
1112 1599 1262 1654 aliqua
1292 1614 1340 1641 re
1370 1597 1436 1640 di-

57 1671 171 1713 gnus
218 1671 313 1699 esse
362 1656 563 1710 videtur,
617 1656 732 1699 unde
777 1655 1041 1699 Germanice
1084 1656 1211 1698 reddi
1263 1662 1435 1712 potest:

59 1713 399 1770 Anspri'iche
431 1714 529 1756 auf
554 1721 742 1758 etwas,
814 1714 884 1756 Ita
925 1714 1056 1755 etiam
1087 1712 1437 1756 Plutarchus

58 1769 94 1813 I.
137 1787 178 1827 p.
211 1773 307 1814 644.
338 1772 393 1813 A.
427 1787 468 1828 p.
501 1772 597 1814 92⁴2.
642 1773 695 1813 A.
717 1787 758 1827 p.
781 1772 879 1814 986.
910 1771 963 1813 F.
994 1787 1036 1827 p.
1069 1772 1166 1814 992.
1191 1770 1245 1812 B.
1276 1769 1437 1812 identi-

57 1825 156 1869 dem
184 1827 321 1884 ἀρχῆς
349 1828 524 1881 ἀξίωμα
554 1827 681 1883 dixit,
715 1829 759 1870 in
793 1844 880 1884 quo
925 1828 1162 1871 manifesto
1198 1828 1438 1870 auctorita-

12 1923 14 1925 .
58 1892 146 1926 tem
199 1884 395 1927 Platonis
450 1891 666 1939 sequutus
714 1891 794 1928 est.
896 1886 967 1927 Ac
1023 1885 1230 1927 similiter
1275 1884 1439 1927 dicitur

57 1940 302 1994 ἀξίωσις
344 1941 460 1983 Thu
478 1941 591 1997 cyd.
632 1941 719 1984 III.
764 1944 803 1983 9.
839 1940 920 1983 οὐκ
952 1940 1109 1992 ἄδικος
1139 1941 1254 1993 αὕτη
1289 1939 1314 1993 ἡ
1346 1941 1439 1994 ἄξι’·

59 2012 177 2048 ωσις.
217 1998 292 2041 ubi
336 1999 462 2054 plura
501 1997 783 2041 Dukerus.
834 1997 950 2041 conf.
1008 1999 1142 2041 etiam
1199 1997 1440 2040 Thomas

58 2055 199 2112 Mag.
244 2072 285 2112 p.
336 2057 405 2098 78.
438 2070 534 2111 sqq.
583 2055 736 2111 ibique
781 2055 922 2110 intpp.
984 2055 1152 2098 Verum
1191 2055 1300 2098 satis
1330 2055 1441 2098 haec

60 2110 116 2153 ad
162 2112 480 2155 confutandum
526 2118 820 2155 commentum
885 2111 1022 2167 illud,
1072 2128 1160 2168 quo
1205 2111 1441 2167 ἀξιώματα

62 2171 141 2212 τοῦ
171 2169 321 2226 ἄρχειν
353 2176 398 2213 et
427 2169 540 2225 πρὸς
569 2168 790 2224 ἄρχοντας
820 2169 1074 2226 significare
1106 2169 1303 2213 iudicata
1336 2175 1442 2212 sunt

59 2226 333 2272 rationes
383 2225 701 2282 imperandi
755 2225 1125 2283 parendique.
1204 2226 1440 2285 Pergimus

61 2282 118 2325 ad
157 2284 285 2326 aliam
326 2284 568 2327 dictionem
611 2283 812 2325 similiter
853 2290 1069 2327 vexatam.
1153 2283 1271 2326 Mire
1325 2284 1442 2327 enim

62 2340 374 2397 interpretatus
427 2347 496 2384 est
518 2385 522 2387 Α
541 2339 696 2384 sollers
745 2340 923 2383 criticus
979 2340 1085 2392 τοὺς
1134 2342 1248 2384 κατὰ
1301 2339 1441 2384 πόλιν

63 2397 248 2454 καιρούς
286 2397 525 2453 eomodo,
559 2413 645 2452 quo
676 2412 810 2454 supra
838 2396 1006 2441 dictum
1036 2404 1130 2449 est3
1173 2398 1250 2454 qui
1282 2398 1439 2453 quales

64 2453 172 2509 sint,
203 2456 270 2498 vel
313 2455 523 2498 Latinum
570 2454 702 2497 illud:
745 2461 998 2512 tempora
1034 2455 1439 2511 reipublicae,

22 2550 25 2552 .
68 2509 297 2556 admonere
347 2518 536 2569 poterat.
625 2511 715 2556 Sed
756 2511 840 2554 hoc
892 2512 1070 2567 quidem
1118 2521 1342 2568 tamquam
1396 2527 1441 2554 in

66 2576 334 2614 transcursu.
404 2570 497 2613 Iam
535 2585 638 2612 vero
669 2569 745 2611 illa
774 2569 861 2611 111.
894 2585 937 2625 p.
971 2571 1067 2611 701.
1102 2569 1181 2622 Q,
1220 2584 1335 2624 quae
1367 2585 1437 2611 su-

67 2632 267 2680 spectata-
305 2632 433 2678 sunt„
482 2628 658 2683 poetica
700 2640 795 2668 esse
835 2625 1154 2682 propemodum
1197 2626 1241 2669 in
1285 2625 1440 2670 oculos
