1644 2886
262 123 341 164 228
743 122 773 160 P
786 120 824 162 L
839 122 875 160 A
892 120 928 160 Τ
942 121 983 162 Ο
1000 121 1037 162 N
1053 120 1073 161 Ι
1087 122 1117 163 S

264 237 366 287 τοὺς
401 235 672 291 ἀνθρωπους
707 239 882 290 μανίαις
910 235 1199 288 απεργοὶζεται
1219 236 1404 286 πάντως,
1440 235 1462 278 ὁ
1490 252 1582 290 περι

268 301 348 354 τὴν
396 303 471 345 τοῦ
516 306 666 355 γένους
708 302 879 356 σπορὰν
923 300 1043 355 ὕβρει
1078 304 1251 376 πλείστη
1294 301 1516 354 καόμενος.
1553 300 1580 343 ἃ

267 370 319 420 δὴ
355 371 417 410 δεῖ
451 370 550 423 τρία
579 367 803 423 νοσήματα
826 373 1040 422 τρέποντα
1067 374 1124 417 εἰς
1146 367 1191 410 τὸ
1218 371 1441 421 βέλτιστον
1463 367 1581 421 παρὰ

266 433 314 477 τὸ
352 432 582 498 λεγόμενον
628 432 809 485 ἥδιστον
853 437 963 489 τρισὶ
1006 437 1084 487 μὲν
1129 442 1217 483 τοῖς
1250 436 1463 487 μεγίστοις
1498 451 1584 477 πει·
1636 474 1639 481 ,

357 572 394 605 P.
422 572 497 607 783.
547 573 755 615 τρέποντα
787 573 846 606 εἰς
878 572 921 603 τὸ
955 572 1200 615 βέλτιστον]
1226 572 1284 605 Sic
1314 575 1351 604 A.
1403 572 1480 606 ...Ω
1507 584 1536 606 v.
1562 576 1587 605 i.

266 628 297 650 x.
324 627 400 650 cum
432 617 511 650 Ald.
541 616 626 653 Lov.
655 617 751 650 Bass.
778 618 809 650 1.
834 618 866 651 2.
894 627 955 659 pro
980 627 1046 658 quo
1070 617 1188 660 steph.
1222 619 1357 660 scripsit
1388 623 1585 668 τρέποντας,
1634 641 1636 645 -

267 661 338 695 sin'e
364 673 485 694 caussa
515 661 647 695 idonea.
704 662 772 694 Sin
765 664 913 704 gzulirem
946 672 1122 695 numerum
1155 663 1330 696 confirmat
1361 664 1460 696 etiam
1493 659 1585 706 quod

265 708 390 741 habent
415 709 445 741 h.
475 718 501 740 l'.
527 718 557 740 θ.
588 717 618 738 c.
644 709 673 739 δ.
699 719 730 740 ο.
755 711 935 772 πρέποντέι.

357 754 395 787 Β.
445 750 708 795 σβεννύντων
733 754 807 793 τὴν
832 752 909 786 αι]
898 754 966 793 ην
976 753 987 795 ]
1021 751 1226 794 σβεννύντων
1252 754 1290 784 Α.
1316 763 1352 784 ...
1376 753 1423 784 Ω.
1451 764 1479 786 ι.
1506 753 1528 789 f
1555 755 1584 787 Ιι.

266 810 290 830 r.
318 809 346 831 a.
371 809 401 832 c.
428 799 458 830 δ.
484 809 513 830 ο.
563 798 676 839 Vulgo
701 797 890 838 σβεννύναι,
915 797 1006 839 quod
1039 807 1113 829 cum
1147 797 1222 828 aliis
1258 798 1365 829 tenuit
1387 798 1584 832 Schneider.

357 843 527 876 Παίδων
561 843 600 875 δὲ
632 843 678 883 δὴ
710 846 873 884 γένεσιν
899 844 960 884 -]
994 842 1107 874 Totus
1138 841 1188 874 hic
1219 843 1312 874 locus
1347 852 1455 884 usque
1484 844 1527 877 ad
1553 856 1583 898 p.

267 889 341 923 783.
371 889 409 921 D.
440 885 634 930 διακελεᾶει.
652 888 745 920 ΑΘ.
781 889 888 924 καλῶς
914 890 945 920 in
972 890 1014 920 A.
1041 888 1087 920 Ω.
1115 897 1141 919 r.
1174 891 1328 926 notatur,
1360 889 1516 929 quoniam
1553 891 1585 922 in

964 998 1001 1029 D.
1029 1000 1071 1029 Χ.
1097 997 1174 1031 887.
1201 997 1242 1030 D.
1267 997 1352 1029 XII.
1385 1008 1416 1039 p.
1443 1000 1520 1034 967.
1547 1001 1585 1034 C.

962 1043 1211 1075 Illustravimus
1250 1043 1328 1074 illud
1373 1043 1498 1077 dudum
1544 1047 1586 1078 ad

965 1088 1091 1121 Pliileb.
1132 1098 1163 1129 p.
1204 1087 1259 1122 44.
1299 1088 1337 1119 C.
1385 1090 1438 1125 ed„
1480 1091 1585 1127 Goth.

312 998 333 1031 Cr*
359 999 406 1040 δὴ
433 1000 503 1032 δεῖ
526 1002 623 1043 τρία
647 997 893 1039 νοσήματα]

271 1047 417 1078 Primum
446 1047 611 1086 τρέποντα
637 1044 738 1082 dicit,
776 1045 892 1084 quoni-

268 1102 320 1124 am
346 1091 528 1123 infinitivus
555 1099 670 1122 rursus
702 1088 893 1121 adiunctam

269 1137 370 1169 habet
386 1136 555 1168 notionem
576 1132 783 1177 p'ronominis
811 1133 894 1165 τινά.

267 1181 401 1214 Deinde
431 1191 513 1213 vero
546 1181 668 1213 transit
702 1179 743 1211 ad
780 1181 895 1220 plura-

269 1229 335 1260 lem
382 1236 557 1259 numerum
607 1228 892 1268 προςχρωμίνους.

267 1271 387 1314 Neque
411 1271 443 1304 id
469 1274 605 1312 praeter
634 1280 730 1302 usum
758 1275 792 1302 et
816 1280 894 1302 con-

269 1317 483 1351 suetudinem
511 1317 647 1348 factum.
685 1316 754 1347 Alia
779 1315 811 1346 id
837 1325 895 1353 ge—

269 1373 331 1396 nus
359 1364 550 1395 notavimus
574 1371 675 1403 supra
701 1361 742 1392 ad
769 1371 800 1402 p.
817 1361 893 1395 759.

270 1411 314 1441 A.
362 1408 503 1440 Frustra
526 1407 628 1448 igitur
653 1406 896 1447 Stephanus

267 1455 466 1494 τρέποντας
490 1451 719 1484 desiderabat.
749 1452 815 1484 Pro
833 1463 895 1482 πα-

268 1497 310 1540 ραὶ
335 1497 375 1530 τὸ
412 1496 594 1540 λεγόμενον
618 1495 758 1537 ἥδιστον
785 1497 895 1528 Asti-

268 1554 316 1576 us
364 1543 407 1576 de
447 1543 642 1575 coniectura
689 1540 896 1583 Stephani

268 1589 426 1629 scripsit:
473 1587 563 1627 παρὰ
611 1590 676 1617 τοῦ
717 1586 897 1627 λεγομένου

270 1633 426 1675 ἡδίστου,
451 1642 573 1670 sensu,
598 1636 636 1663 ut
659 1633 720 1670 ait,
748 1631 895 1663 iubente.

269 1678 341 1712 Sed
388 1682 482 1710 recte
528 1677 629 1709 habet
671 1677 899 1709 accusativus.

268 1724 397 1757 Censet
429 1722 517 1755 enim
552 1726 622 1754 tres
654 1723 731 1753 illos
766 1721 898 1754 humani

266 1769 401 1813 generis
426 1768 566 1800 morbos
580 1768 615 1800 in
632 1768 798 1809 optimum
817 1776 897 1798 con-

267 1814 351 1848 verti
376 1818 537 1856 oportere
568 1813 637 1849 sic,
669 1817 706 1844 ut
735 1817 895 1853 tanquam

268 1863 407 1903 praeter
431 1857 483 1897 id,
508 1857 598 1899 quod
623 1859 724 1899 vulgo
749 1858 893 1896 dicatur,

267 1904 563 1941 iucundissimum,
594 1903 786 1943 abigantur.
840 1902 895 1934 Si-

268 1951 394 1984 militer
437 1951 545 1981 locum
591 1948 757 1981 intellexit
795 1948 895 1980 etiam

269 1994 528 2035 Bernhardy
569 1993 709 2035 SyntaX.
752 2004 783 2035 p.
814 1993 892 2027 259.

269 2059 313 2066 -
362 2038 568 2074 Μούσαις
601 2039 668 2070 καὶ
691 2038 893 2081 ἀγωνίοις

269 2089 406 2124 θεοῖς,
431 2085 453 2117 i.
479 2095 509 2119 e.
536 2084 692 2117 musica
718 2087 763 2117 et
785 2093 892 2124 gym-

269 2130 450 2164 nunties.
481 2129 639 2171 ’Λγώνιοι
669 2140 696 2161 s.
722 2128 896 2170 ἐναγώνιοι

269 2177 352 2208 θεοί
373 2179 471 2215 sunt,
497 2175 554 2216 qui
580 2178 741 2216 praesunt
765 2174 895 2206 exerci-

270 2221 456 2255 tationibus
505 2224 539 2252 et
587 2219 673 2252 ludis
716 2220 897 2263 gymnicis,

270 2266 478 2305 Mercurius,
504 2265 649 2306 Iupiter,
676 2265 840 2297 Dioscuri.
865 2275 896 2295 v.

271 2310 489 2354 Spanhem.
533 2310 654 2352 Hymn.
690 2312 722 2342 in
753 2310 896 2342 Lavacr.

272 2356 402 2390 Pallad.
436 2355 492 2390 24.
517 2366 549 2397 p.
576 2355 653 2390 634.
701 2355 771 2387 Pro
805 2357 896 2395 σβεν-

270 2400 398 2435 νύντων
444 2402 545 2443 vulgo
593 2403 669 2433 erat
708 2400 894 2440 σβεννύναι.

270 2447 436 2481 Nimirum
461 2447 496 2478 id
522 2446 664 2479 debetur
683 2445 815 2484 criticis,
840 2444 895 2485 qni

269 2493 454 2535 genitivum
480 2491 790 2524 absolutumetinrn
816 2493 896 2531 post

270 2539 427 2572 dativum*
463 2536 575 2569 inferri
617 2546 681 2568 non
722 2536 894 2568 meminis-

270 2587 364 2624 sent,
378 2580 496 2626 quod
509 2591 615 2623 genus
645 2586 838 2613 structurae
862 2581 893 2611 in

269 2629 323 2662 hic
354 2609 440 2671 ipsis
477 2626 569 2660 libris
611 2636 676 2659 non
718 2636 784 2658 uno
817 2626 893 2657 loco

268 2675 446 2715 reperitur,
471 2674 561 2705 velut
587 2671 624 2703 1.
649 2671 747 2703 VIII.
765 2681 795 2713 p.
814 2670 890 2704 829.

964 1134 1059 1165 Vana
1083 1133 1248 1173 estigitur
1266 1133 1456 1167 coniectura
1483 1136 1586 1169 Win—

962 1179 1008 1211 ck
1024 1178 1209 1211 elmanni
1252 1178 1427 1218 legendum
1466 1186 1585 1222 putan-

963 1235 1022 1266 tis:
1062 1236 1176 1274 θεοῖς,
1204 1224 1283 1275 Σοἷς
1313 1235 1519 1274 σβεννύντων
1557 1252 1584 1270 κ.

964 1304 992 1321 τ.
1020 1291 1048 1321 λ.

1096 1340 1098 1342 .
1213 1324 1220 1340 Ι
1326 1335 1331 1341 .

1007 1358 1048 1389 Β.
1097 1358 1267 1390 [Ιαίδων
1289 1359 1332 1390 δὲ
1356 1358 1399 1399 δὴ
1427 1364 1587 1400 γένεσιν

962 1402 1060 1443 μετὰ
1101 1402 1203 1439 τούς
1239 1403 1424 1446 νόμους]
1472 1405 1586 1437 Locus

963 1449 1014 1480 nic
1045 1458 1110 1480 non
1140 1448 1236 1481 aliam
1268 1450 1310 1481 ab
1341 1459 1495 1482 caussam
1528 1461 1585 1483 ne-

962 1495 1093 1535 gotium
1147 1494 1276 1526 creavit
1325 1494 1585 1535 interpretibus,

961 1549 1060 1579 quam
1102 1538 1194 1579 quod
1233 1548 1299 1571 non
1341 1545 1588 1581 perspexerunt

962 1584 1057 1622 satis,
1083 1594 1170 1624 quae
1193 1588 1286 1616 esset
1308 1584 1380 1617 eius
1397 1594 1471 1617 cum
1490 1590 1587 1618 ante-

963 1629 1092 1669 gressis
1116 1630 1282 1661 connexio
1302 1635 1336 1662 et
1360 1629 1587 1663 cohaerentia.

964 1673 1089 1706 Nostra
1123 1675 1289 1706 sententia
1324 1675 1508 1715 disputatio
1541 1676 1587 1707 sic

965 1718 1199 1760 progreditur:
1249 1718 1331 1751 Sed
1363 1724 1406 1751 ut
1443 1730 1585 1753 rever—

965 1769 1104 1796 tamur
1126 1763 1298 1796 tandem
1324 1764 1370 1796 ad
1394 1765 1453 1806 id,
1480 1766 1587 1798 unde

965 1809 1213 1850 disputatio
1249 1810 1486 1850 paullulum
1520 1812 1585 1843 de-

963 1854 1112 1893 flexit,
1154 1858 1254 1896 post
1291 1856 1464 1896 nuptias
1493 1866 1586 1889 cono

962 1903 1213 1932 sentaneum
1269 1905 1337 1932 est
1384 1902 1587 1934 liberos

964 1947 1142 1986 primum
1164 1945 1287 1986 ,gigni
1321 1950 1360 1977 et
1385 1956 1585 1987 procren-

962 1990 1015 2029 τίς
1047 2000 1091 2021 ac
1129 1989 1288 2023 deinde
1328 1991 1453 2024 etiam
1489 1991 1585 2025 edu-

961 2036 1048 2067 cari
1077 2040 1118 2066 et
1152 2035 1325 2067 institui
1360 2041 1614 2078 oportere.-

962 2080 1078 2113 Haec
1102 2090 1205 2112 vero
1229 2080 1349 2119 nobis
1373 2082 1410 2113 in
1436 2082 1532 2124 disp
1549 2092 1586 2114 n-

962 2124 1130 2158 tntion'e
1154 2129 1306 2162 nostra
1339 2128 1586 2169 respicien-
1640 2119 1644 2142 3

963 2171 1082 2203 tibus
1135 2180 1214 2203 non
1266 2173 1432 2212 poterit
1481 2173 1584 2205 fieri

962 2216 1063 2257 quin
1095 2217 1205 2248 aliae
1228 2219 1358 2257 atque
1389 2218 1501 2251 aliae
1527 2219 1586 2250 le-

963 2272 1043 2304 ges
1099 2261 1377 2301 oboriantur,
1429 2273 1586 2304 usque

965 2307 1062 2339 dum
1097 2306 1281 2347 denique
1311 2309 1437 2340 etiam
1472 2309 1583 2340 ordi-

966 2362 1013 2385 ne
1042 2352 1250 2392 deinceps
1279 2354 1586 2392 perveniamus

962 2397 1013 2429 ad
1064 2397 1304 2428 convivia
1353 2398 1582 2439 pub-tion.

962 2442 1175 2481 Quorsum
1214 2442 1283 2473 ubi
1330 2443 1469 2476 delati
1507 2446 1584 2476 eri-

962 2497 1067 2527 mus,
1115 2492 1197 2518 tum
1241 2497 1359 2528 vero,
1409 2499 1450 2521 re
1490 2483 1583 2529 ipsa

961 2532 1585 2574 propiusinspectata,melius

960 2578 1118 2618 utique,
1143 2587 1263 2618 quam
1290 2578 1328 2610 in
1355 2581 1583 2620 praesenti,

959 2622 1201 2664 poterimus
1239 2623 1454 2663 iudicare,
1499 2634 1582 2657 num

958 2668 1060 2700 talis
1103 2668 1274 2700 vivendi
1317 2672 1432 2702 ratio
1473 2671 1583 2701 solis
