1644 2886
258 91 395 134 XXX
669 90 1144 134 PROLEGOMENA

257 203 476 245 muliebris
515 217 671 258 genere
712 201 909 251 vivendi3
941 202 1126 256 itemque
1155 204 1228 244 illa
1270 204 1370 246 Vll.
1413 222 1452 261 p.
1496 207 1589 247 797.

258 260 380 301 A.-
397 260 490 301 798.
513 257 570 299 D.
602 259 697 305 810.
719 256 769 299 C.
797 271 918 311 sqq-3
949 257 1032 299 alia
1050 274 1128 314 pro
1148 275 1291 301 rerum
1315 266 1589 304 tractatarum

257 315 470 371 gravitate
504 314 548 354 in
585 313 835 376 angustius,
881 328 1006 367 quam
1036 315 1184 369 velles,
1217 322 1442 359 contracta
1472 324 1587 371 sunt,

257 385 459 425 quorsum
480 375 648 424 praeter
671 369 777 411 alios
796 371 985 423 pertinet
1001 369 1123 413 locus
1146 371 1265 413 Libr.
1293 375 1326 412 1.
1354 387 1395 427 p.
1417 375 1589 416 631.=A.

256 441 393 480 usque
435 424 490 465 ad
529 439 572 479 p.
615 425 711 466 63‘2.
750 424 802 466 Ε.
846 425 919 479 qui
960 426 1131 468 omnino
1169 443 1254 469 non
1284 429 1388 471 satis
1420 429 1591 471 videtur

256 482 499 523 elaboratus
543 494 659 530 esse3
706 486 749 522 et
785 480 905 522 Libr.
951 481 1011 523 II.
1053 498 1095 538 p.
1137 484 1231 525 672.
1256 485 1315 531 A.
1345 509 1399 515 —
1429 485 1486 527 D.
1516 485 1590 527 ubi

256 538 381 579 facile
412 535 574 591 aliquid
603 535 844 587 desideres3
876 544 976 579 sunt
1014 553 1164 593 porro,
1205 554 1313 593 quae
1352 555 1439 582 non
1485 542 1589 583 satis

255 593 470 641 subtiliter
515 598 726 646 acuteque
766 593 981 648 explicata
1037 594 1284 649 videantur,
1335 596 1465 638 veluti
1518 597 1591 639 illa

258 649 377 691 Libr.
418 649 455 689 I.
499 665 542 703 p.
584 651 678 691 637.
717 649 769 690 Β.
810 649 860 690 C.
901 656 944 691 et
982 666 1023 705 p.
1066 653 1159 692 639.
1190 654 1244 692 A.
1277 677 1329 682 -
1362 651 1410 694 C.
1446 653 1519 694 ubi
1548 669 1589 694 v.

255 721 354 747 ann.
403 710 478 746 aut
526 705 653 746 etiam
702 705 906 760 perplexa
959 706 1227 760 obscureque
1278 709 1494 762 exposita,
1544 715 1591 751 ut

259 761 375 803 Libr.
405 761 466 803 ΙΙ.
498 777 539 817 p.
571 762 664 803 657.
699 761 748 803 C.
780 775 874 816 sqq.
905 760 959 802 de
980 763 1134 816 quibus
1162 764 1263 805 item
1293 780 1332 804 v.
1363 763 1590 806 Commen-

254 824 348 874 tar.,
369 822 411 858 et
434 817 553 859 Libr.
585 817 619 859 1.
651 833 692 872 p.
712 818 805 859 630.
828 818 880 860 Ε.
907 832 1002 872 sqq.
1024 818 1078 861 V.
1098 835 1139 875 p.
1162 821 1257 862 732.
1282 820 1334 861 Ε.
1358 835 1476 875 sqq.;
1507 821 1590 862 alia

256 873 449 915 nonnihil
498 874 698 915 aberrant
727 888 763 921 ,a
801 874 1023 928 proposito
1076 875 1490 930 interponunturque
1540 891 1590 918 ea

255 930 435 982 ratione,
455 935 504 970 ut
526 944 729 983 quorsum
749 929 1006 985 pertineant,
1029 945 1115 972 non
1136 946 1445 986 usquequaque
1466 932 1590 973 intel-

254 986 331 1042 ligi
347 986 495 1036 liceat3
516 986 658 1040 qualia
674 986 946 1041 reperiuntur
961 986 1004 1028 in
1021 987 1196 1042 copiosa
1214 987 1286 1029 illa
1299 987 1590 1043 disputatione

253 1041 307 1083 de
337 1042 747 1097 rerumpublicarum
765 1047 876 1095 ortu,
911 1058 1142 1098 progressu
1163 1049 1206 1085 et
1232 1043 1348 1097 satis,
1380 1059 1488 1098 quae
1506 1050 1590 1085 ter—

250 1098 316 1142 ,tio
338 1098 448 1140 libro
480 1098 731 1153 explicatur,
763 1097 895 1138 veluti
927 1113 968 1152 p.
994 1099 1086 1140 686.
1118 1097 1170 1141 C.
1192 1123 1246 1129 —-
1270 1101 1362 1142 688.
1391 1100 1445 1141 Ε.
1477 1105 1520 1141 et
1547 1116 1588 1156 p.

252 1155 352 1201 696.
394 1156 450 1195 A.
481 1169 574 1208 sqq.
607 1159 649 1194 et
679 1153 797 1199 Libr.
831 1153 938 1194 VII.
969 1169 1012 1209 p.
1043 1155 1137 1196 823.
1178 1155 1229 1196 Β.
1270 1155 1345 1197 ubi
1376 1155 1428 1197 de
1459 1156 1589 1198 variis

256 1210 487 1265 generibus
534 1209 776 1251 venationis
825 1210 982 1265 agitur,
1022 1216 1153 1264 atque
1210 1211 1329 1253 Libr.
1376 1211 1507 1253 VIII.-
1546 1227 1587 1267 p.

257 1267 352 1308 837.
393 1268 447 1307 A.
490 1266 542 1306 B.
579 1265 653 1306 ubi
694 1280 900 1319 quorsum
944 1281 1063 1308 amor
1099 1267 1370 1321 aequalitatis
1424 1273 1590 1323 spectet

256 1322 381 1364 facile
412 1321 607 1371 dubites3
640 1321 721 1364 IX.
752 1337 792 1376 p.
825 1322 920 1363 857.
952 1322 1002 1366 B.
1033 1337 1148 1376 sqq.;
1178 1323 1261 1363 alia
1290 1329 1389 1364 sunt
1418 1323 1589 1378 longius

256 1378 462 1420 arcessita
499 1392 579 1419 nec
619 1378 724 1418 satis
756 1377 1078 1420 accommodata
1107 1378 1161 1419 ad
1190 1393 1278 1420 rem
1306 1385 1588 1434 praesentem,

259 1440 307 1476 ut
336 1434 454 1475 Libr.
477 1434 557 1475 VI.
590 1449 631 1489 p.
663 1435 757 1475 779.
789 1433 845 1475 D.
875 1448 1011 1488 usque
1041 1434 1095 1475 ad
1125 1451 1165 1489 p.
1199 1435 1315 1485 7823
1348 1435 1431 1476 alia
1460 1436 1589 1477 etiam

257 1489 466 1532 eiusmodi
503 1495 626 1542 sunt,
676 1495 724 1530 ut
760 1503 895 1545 prope
932 1490 987 1531 ad
1025 1505 1094 1532 res
1132 1491 1315 1533 minutas
1354 1506 1589 1546 parumque

258 1561 412 1602 graves
452 1544 738 1594 descendant,
778 1561 908 1600 quum
938 1547 1072 1588 satius
1102 1546 1231 1588 fuerit
1260 1562 1402 1588 rerum
1431 1562 1590 1603 genera

258 1603 401 1658 potius
442 1602 668 1658 complecti
707 1616 834 1656 quam
874 1602 1018 1644 rimari
1058 1602 1228 1659 singula
1266 1618 1315 1644 ac
1354 1619 1487 1659 prope
1510 1619 1588 1659 pu·

257 1658 374 1710 silla3
406 1657 522 1712 quod
554 1673 685 1712 quum
715 1657 768 1699 de
798 1657 894 1699 aliis
923 1657 1056 1712 locis,
1095 1659 1230 1700 veluti
1261 1659 1378 1703 Libr.
1409 1659 1516 1701 VII.
1545 1676 1588 1716 p.

259 1715 354 1756 788.
387 1714 442 1758 D.
476 1739 525 1746 -
558 1715 651 1756 791.
682 1711 731 1756 C.
763 1714 856 1756 794.
888 1713 942 1754 D.
975 1740 1028 1745 —
1060 1714 1154 1756 795.
1185 1715 1241 1756 D.
1280 1721 1370 1756 tum
1408 1715 1589 1757 maxime

258 1772 389 1813 etiam
427 1770 479 1817 de
518 1769 830 1825 copiosioribus
871 1769 957 1811 illis
1006 1770 1150 1826 legum
1198 1771 1588 1812 enumerationibus

258 1826 536 1869 iudicandum
566 1831 659 1879 est,
701 1841 811 1881 quae
851 1824 1020 1868 duobus
1050 1827 1168 1869 libris
1199 1827 1424 1882 postremis
1452 1826 1587 1868 conti-

258 1889 434 1934 nentur3
467 1889 569 1925 sunt
598 1882 739 1933 etiam,
772 1896 879 1936 quae
908 1883 1051 1936 posita
1079 1897 1174 1925 esse
1205 1882 1434 1924 videantur
1463 1881 1589 1925 abru-

288 1940 391 1994 tius,
422 1944 471 1981 ut
499 1954 596 1981 cum
625 1937 790 1992 reliqua
819 1937 1108 1992 disputatione
1138 1954 1223 1980 non
1253 1939 1356 1981 satis
1387 1944 1486 1994 apte
1517 1953 1589 1980 co-

256 1956 485 2050 baereant,
526 1994 661 2036 veluti
698 2009 827 2048 quum
865 1993 986 2035 initio
1026 1995 1143 2036 tertii
1180 1995 1279 2036 libri
1315 2001 1487 2049 repente
1536 2009 1587 2036 ac

259 2053 352 2094 sine
391 2052 478 2094 ulla
513 2050 747 2107 legentium
794 2049 1086 2093 admonitione
1137 2051 1340 2092 transitur
1376 2049 1431 2091 ad
1469 2064 1587 2091 enar-

257 2107 413 2150 randas
452 2122 521 2149 res
560 2112 603 2148 et
630 2107 847 2147 fortunam
877 2120 1017 2147 rerum
1045 2107 1324 2163 publicarum.
1388 2107 1446 2147 At
1476 2106 1588 2148 enim

259 2179 360 2206 vero
389 2163 497 2205 haec
537 2177 667 2217 quum
697 2162 757 2202 ita
786 2169 1034 2217 comparata
1071 2178 1165 2206 esse
1195 2161 1343 2218 negari
1372 2177 1460 2203 non
1487 2177 1587 2218 pos-

258 2221 330 2273 sit,
360 2226 502 2261 tamen
531 2224 696 2260 tantum
726 2218 862 2271 abest,
892 2223 940 2259 ut
966 2219 1135 2275 singula
1162 2218 1246 2260 ista
1264 2218 1452 2260 universi
1483 2226 1587 2274 ope—

259 2277 319 2320 ris
348 2276 478 2317 fidem
508 2280 552 2317 et
579 2274 879 2316 auctoritatem
908 2274 1074 2317 elevare
1103 2274 1354 2328 videantur,
1385 2281 1434 2316 ut
1461 2273 1586 2316 facile

258 2332 523 2389 intelligatur
552 2345 762 2385 quaenam
790 2344 968 2372 caussae
996 2331 1230 2384 extiterint,
1258 2346 1332 2372 cur
1362 2330 1436 2372 isti
1463 2329 1588 2371 naevi

261 2389 382 2445 operi
419 2394 609 2431 ceterum
650 2386 804 2428 eximio
842 2386 1077 2429 inhaerant.
1137 2387 1251 2429 Nam
1279 2386 1463 2441 primum
1493 2385 1587 2440 qui-

261 2445 358 2487 dem
385 2445 454 2487 vel
489 2444 574 2486 ista
603 2457 801 2498 magnam
830 2448 945 2484 certe
972 2449 1135 2498 partem
1163 2442 1480 2484 excusationem
1510 2457 1587 2496 pa-

261 2507 396 2543 ratam
439 2500 598 2542 habent
635 2512 688 2540 ex
713 2498 790 2551 iis,
831 2513 940 2553 quae
978 2513 1107 2554 supra
1146 2498 1199 2540 de
1229 2498 1429 2554 populari
1460 2513 1585 2553 argu-

262 2557 524 2600 mentatione
563 2564 665 2598 sunt
712 2556 923 2608 exposita.
984 2552 1171 2597 'Deinde
1219 2554 1459 2597 meminisse
1506 2567 1584 2594 nos

262 2618 455 2669 oportet,
499 2611 722 2655 Platonem
763 2610 843 2653 hos
882 2611 1017 2654 libros
1051 2611 1273 2666 scripsisse
1315 2625 1482 2661 senem,
1515 2609 1585 2650 eui
