1644 2886
214 99 293 141 DE
330 97 607 141 LEGIBUS
641 88 922 138 LIBJ'Vlll.
958 96 1002 136 P.
1036 96 1131 137 833.
1167 94 1228 136 St.
1355 94 1438 135 4‘23

185 218 286 262 ΚΛ.
360 216 466 265 [[ιῖις
501 213 586 269 γὰρ
624 211 708 265 ἄν;
1356 239 1362 242 -

183 285 278 328 ΑΘ.
351 279 702 337 Σταδιοδρόμον
747 279 800 332 δὴ
845 279 1025 335 πρῶτον
1072 275 1095 321 ὁ
1142 275 1273 333 κήρυξ
1318 275 1436 330 ἡμῐνς

78 351 295 406 καθάπερ
331 351 434 398 νῦν,
471 353 519 391 ἐν
554 356 650 398 τοῖς
684 347 825 402 ἀγῶσι
864 348 1137 403 παρακαλεῖ·
1173 342 1196 387 ὁ
1236 346 1282 388 δὲ
1317 344 1434 404 είςει-

78 433 150 462 σιν
185 415 304 461 ὅπλα
339 419 470 472 ἔχων·
516 416 636 470 ψιλῷ
675 417 719 458 δὲ
755 407 887 456 ἆθλα
933 411 987 456 οὐ
1039 411 1241 467 θήσομεν
1275 410 1435 466 ἀγωνι-

77 487 172 546 στῇ.
208 485 387 540 πρῶτος
423 485 468 525 δὲ
501 481 670 531 ε’ίςιισιν
693 481 728 525 ’ὁ
758 479 818 524 ’τὸ
855 479 1039 524 στάδιον
1081 477 1437 535 ἁμιλλησόμενος

75 553 158 595 σὺν
183 560 274 601 τοῖς
312 548 483 599 ὅπλοις,
521 550 726 603 δεύτερος
762 551 807 591 δὲ
833 546 855 591 ὁ
894 545 974 591 τὸν
1009 549 1209 599 δίαυλον,
1246 548 1318 588 καὶ
1347 549 1433 602 τρί-

76 635 154 669 τος
192 617 216 662 ὁ
256 615 336 661 τὸν
374 622 598 675 ἐφίππιον,
634 618 707 659 καὶ
746 616 799 667 δὴ
830 618 904 658 καὶ
928 616 1151 669 ’τέταρτος
1185 611 1208 656 ὁ
1245 612 1327 656 τὸν
1362 611 1435 655 δό-

76 689 227 742 λιχον,
274 687 347 727 καὶ
396 690 592 738 πέμπὲος
628 686 672 726 δὲ
718 682 770 726 ὃν
814 681 1050 740 ἀφήσομεν
1087 682 1267 736 πρῶτον
1303 678 1436 722 ὡπλι-

75 757 260 809 σμένον,
315 751 528 804 έξήκοντα
575 752 655 804 μὲν
702 751 893 793 σταδίων
939 750 1099 805 μῆκος,
1161 747 1274 803 πρὸς
1317 746 1437 802 ἱερὸν

66 817 220 877 Ἀρεύς
249 835 317 873 τι,
353 821 427 861 καὶ
464 817 597 860 πάλιν
633 816 882 872 βαρύτερον
916 814 1103 868 ὁπλίτην
1134 815 1437 867 ὲπονομάζον·

78 905 147 938 τες
182 889 403 940 λειοτέρας
438 883 547 927 ὁδοῦ
585 884 950 940 διαμιλλώμενον,
990 882 1068 926 τὸν
1105 885 1149 925 δὲ
1187 880 1326 925 ἄλλον
1364 900 1435 925 το-

170 1017 212 1049 Β.
261 1014 368 1058 πρὸς
394 1013 518 1057 ἱερὸν
537 1012 702 1057 Ἄρεος]
729 1015 766 1047 V.
788 1013 927 1056 Ἄρεως.
956 1015 1117 1046 Alterum
1141 1013 1382 1055 praebuerunt
1403 1024 1434 1044 v.

78 1064 103 1096 f.
117 1063 152 1096 h.
174 1073 202 1097 r,
220 1072 251 1095 a.
272 1073 302 1096 c.
318 1066 353 1094 et
371 1066 461 1094 teste
480 1061 603 1094 Bastio
634 1058 673 1093 Ω.
699 1071 790 1093 corr.
818 1061 972 1102 itemque
988 1061 1033 1093 A.
1059 1070 1162 1102 quem
1186 1059 1332 1092 Bastius
1353 1060 1435 1092 sim-

78 1110 217 1153 pliciter
241 1112 364 1142 narrat
383 1105 489 1150 ἅροοε
512 1108 653 1140 habere.
679 1118 712 1142 v,
735 1107 942 1140 Schneider.
965 1107 1011 1138 ad
1024 1105 1148 1147 Remp.
1166 1105 1236 1138 111.
1254 1117 1287 1148 p.
1302 1105 1380 1141 390.
1395 1104 1434 1137 C.

171 1154 396 1196 λειοτέρας
421 1151 558 1196 ὀδοῦ]
585 1153 755 1195 λειοτέρας
781 1150 828 1185 δι’
856 1149 944 1185 ὁδοῦ
966 1163 1056 1184 unus
1080 1151 1250 1195 Stephan.

81 1267 277 1307 venissent,
310 1265 490 1300 flectentes
516 1276 656 1300 cursum
682 1277 724 1299 eo

79 1318 317 1354 recurrerent,
354 1314 446 1346 unde
471 1323 611 1346 cursum
636 1315 721 1346 inie-

79 1363 170 1400 rant,
195 1360 246 1391 ita
270 1364 308 1390 nt
327 1369 450 1393 cursus
469 1364 564 1392 esset
582 1360 724 1402 dupleX,

79 1415 102 1438 a
126 1415 266 1438 carcere-
292 1406 338 1437 ad
362 1410 489 1439 metam
516 1411 552 1439 et
569 1412 662 1438 meta
679 1406 724 1438 ad

79 1461 266 1487 carcerem.
316 1451 431 1484 Porro
458 1450 614 1493 δόλιχος,
639 1453 673 1484 h.
693 1462 723 1484 e.

77 1499 208 1539 longus
241 1508 381 1538 cursus,
412 1499 564 1531 habebat
595 1499 723 1540 locum,

79 1554 186 1586 quum
217 1545 333 1576 sexies
367 1545 419 1576 vel
446 1546 587 1586 saepius
617 1546 721 1576 etiam

79 1590 230 1622 stadium
257 1590 521 1623 decurrebatur.
570 1590 618 1621 Et
638 1590 724 1622 haec

15 1639 23 1645 “
79 1637 220 1678 quidem
247 1637 336 1668 nulli
361 1637 518 1669 obnoxia
542 1641 624 1678 sunt
660 1637 743 1674 du-,

78 1682 252 1714 bitationi.
290 1681 361 1714 Sed
378 1687 642 1715 controversum
660 1687 725 1722 est,

81 1729 195 1770 qualis
231 1728 278 1760 sit
300 1729 367 1760 iste
393 1739 515 1761 cursus
546 1728 724 1769 ἑφίππιος,

80 1784 184 1815 quem
207 1774 442 1816 philosophus
465 1775 617 1806 medium
633 1776 727 1806 inter

81 1818 225 1851 δίαυλον
249 1824 354 1861 atque
382 1818 520 1860 δόλιχον
545 1830 621 1852 esse
637 1821 725 1854 vult.

80 1865 173 1897 Eum
213 1875 298 1897 vero
334 1870 368 1898 et
416 1867 532 1908 ipsum
574 1866 726 1907 intelligi

81 1917 247 1953 oportere
271 1912 486 1953 pedestrem,
521 1922 591 1944 non
619 1922 724 1954 eque-

81 1962 208 1996 strem,
238 1967 281 1989 ex
308 1957 470 1990 Platonis
497 1958 614 1992 verbis
640 1959 725 1991 satis

82 2009 135 2036 est
156 2004 391 2045 perspicuum.
446 2005 573 2046 Itaque
598 2014 726 2037 nomen

81 2049 150 2082 hoc
180 2049 226 2082 ad
257 2059 396 2082 cursum
428 2051 626 2091 pedestrem
653 2059 725 2082 cer-

82 2100 152 2128 tam
177 2095 332 2137 aliquam
358 2096 403 2128 ob
428 2106 587 2129 caussam
613 2102 726 2129 trans-

81 2142 188 2174 latum
219 2142 266 2174 sit
297 2151 439 2174 necesse
473 2147 546 2183 est,
580 2143 623 2175 de
657 2153 727 2184 qua

82 2198 120 2220 re
163 2188 326 2220 nolumus
360 2189 558 2220 accuratius
591 2189 725 2229 disqui-

82 2244 169 2267 rere.
230 2233 344 2271 Quum
371 2239 487 2266 autem
513 2235 603 2266 inter
633 2232 722 2266 δόλι-

84 2291 146 2322 χον
169 2286 203 2312 et
230 2278 372 2310 δίαυλον
395 2281 531 2313 medius
561 2285 725 2322 ponatur,

82 2330 188 2368 atque
221 2326 324 2358 Plato
357 2336 479 2359 cursus
514 2336 644 2368 genera
673 2338 724 2359 se-

83 2373 234 2405 cundum
266 2372 430 2404 curriculi
465 2373 725 2415 longitudinem

85 2418 293 2458 constituat,
329 2418 436 2460 longe
461 2424 513 2451 est
538 2419 723 2452 verisimil-

86 2462 223 2504 limum,
257 2462 424 2504 ἐφίππιον
460 2476 598 2498 cursum
622 2466 722 2498 intel-

87 2510 147 2549 ligi
183 2519 281 2550 eum,
327 2512 384 2553 qui
421 2512 531 2544 ‹liauli
569 2513 721 2553 longitu-

85 2556 201 2586 dinem
227 2558 416 2589 excesserit
441 2568 502 2590 nec
528 2564 643 2590 tamen
663 2559 723 2590 do-

86 2600 214 2632 lichum
249 2600 351 2642 plane
382 2605 605 2645 aequaverit,
636 2605 668 2635 ll.
695 2617 723 2638 υ,

87 2657 225 2678 cursum
251 2647 437 2681 mediocris
463 2660 663 2690 mensuram
692 2652 725 2682 id

89 2693 180 2733 qumi
218 2694 338 2726 statuit
379 2695 481 2728 etiam
522 2697 722 2729 Herman-

794 1277 871 1298 nus
897 1265 1027 1309 opusc.
1055 1266 1138 1298 Vol.
1153 1265 1213 1298 Vl.
1237 1277 1272 1308 p.
1292 1267 1326 1301 9.
1361 1267 1433 1298 Ex-

792 1313 911 1354 posuit
957 1314 1001 1345 de
1037 1312 1093 1344 his
1131 1313 1236 1344 rebus
1271 1312 1435 1345 omnibus

792 1359 1018 1391 Krausius
1066 1358 1122 1390 De
1171 1357 1354 1400 Gymnast.
1402 1363 1437 1390 et

793 1406 994 1446 Agonistic.
1023 1403 1191 1437 Graecor.
1226 1405 1307 1437 Vol.
1339 1404 1365 1437 l.
1398 1415 1433 1446 p.

1472 560 1505 600 Β

791 1451 860 1486 344
899 1463 976 1494 sqq.
1021 1451 1113 1484 conf.
1148 1451 1253 1483 etiam
1286 1451 1436 1483 eundem
1475 1459 1481 1466 ·

789 1499 827 1530 in
852 1499 964 1532 libro:
994 1497 1076 1529 Die
1102 1497 1314 1538 Pythion,
1345 1496 1432 1529 Ne-

791 1554 910 1576 meen
957 1544 1040 1576 und
1084 1543 1300 1576 Isthmien
1355 1553 1432 1576 aus

793 1591 874 1622 den
900 1589 1090 1622 Schrift—
1118 1590 1206 1621 und
1223 1589 1431 1622 Bildwer·

791 1637 875 1668 ken
915 1637 988 1668 des
1030 1636 1306 1668 Alterthums
1339 1636 1430 1668 dar·

792 1683 977 1723 gestellt
1012 1692 1046 1723 p.
1079 1682 1146 1717 135
1180 1692 1232 1723 sq.
1260 1687 1294 1714 et
1337 1681 1432 1715 Car.

792 1729 859 1761 Fr.
892 1729 1124 1760 Hermann.
1162 1727 1432 1761 Gottesdienstl.

795 1774 1038 1807 Altcrthfimer
1070 1774 1142 1810 (der
1177 1772 1355 1806 Griechen
1399 1786 1422 1816 p

794 1819 874 1855 143.
930 1819 1095 1851 Ceterum
1127 1819 1174 1851 ad
1205 1818 1265 1852 τὸν
1295 1818 1436 1853 δίαυλοι·

794 1870 829 1899 et
854 1864 913 1898 τὸν
938 1864 1105 1905 ἐφίππιον
1129 1866 1192 1899 int.
1219 1863 1361 1907 δρόμον.

863 1912 905 1944 Β.
956 1912 1026 1942 καὶ
1068 1910 1258 1951 πέμπτος
1305 1910 1348 1943 δὲ
1386 1909 1433 1944 ὃν

795 1955 1092 1999 ἀφήσομειν-]
1119 1957 1282 1990 Solemne
1302 1963 1378 1990 erat.
1398 1960 1434 1990 in

793 2005 886 2036 ludis
912 2005 1096 2046 gymnicis,
1123 2007 1162 2035 ut
1185 2005 1244 2046 qui
1269 2005 1436 2046 graviora

793 2051 952 2083 subirent
975 2050 1178 2090 certamina,
1203 2051 1230 2082 ii
1257 2057 1338 2092 post
1361 2061 1434 2091 eOS,

795 2098 856 2139 qui
886 2097 1021 2129 leviora
1044 2097 1230 2139 haberent,
1261 2107 1432 2138 provoca·

793 2149 925 2177 rentur.
963 2154 993 2174 v.
1031 2142 1162 2175 Fabri
1198 2144 1364 2184 Agonist.
1403 2144 1431 2178 1.

794 2189 840 2223 28
879 2194 914 2222 et
937 2189 1106 2221 Krause
1139 2190 1161 2220 l.
1186 2200 1214 2222 c.
1251 2189 1340 2222 Eam
1366 2190 1431 2231 igi-

794 2241 851 2267 tur
881 2237 1052 2268 rationem
1083 2237 1188 2268 etiam
1219 2235 1322 2268 Plato
1361 2246 1431 2268 ser-

795 2287 873 2321 vat,
906 2283 964 2323 qui
989 2282 1114 2323 quinto
1141 2283 1219 2314 loco
1246 2283 1358 2314 emitti
1381 2283 1432 2314 iu-

794 2328 852 2370 bet
903 2328 1041 2369 πρῶτον
1077 2324 1293 2367 ὡπλισμένον
1331 2339 1430 2360 sexa-

792 2375 892 2416 ginta
935 2375 1131 2406 stadiorum
1175 2375 1433 2416 longitudinem

793 2430 1027 2461 emensurum,
1053 2424 1158 2461 atque
1184 2421 1308 2452 ordine
1334 2422 1431 2454 dein-

791 2477 872 2509 ceps
900 2467 1001 2500 alios.
1049 2465 1154 2504 Quod
1182 2477 1266 2498 vero
1290 2467 1346 2499 liic
1362 2479 1431 2500 me-

794 2516 906 2544 morat
933 2512 1070 2553 πρῶτον
1085 2508 1307 2552 ιῦπλισμέιόν.
1326 2525 1431 2554 quum

793 2565 909 2591 tamen
936 2559 1039 2591 etiam
1059 2560 1258 2600 superiores
1271 2570 1432 2594 cursores

794 2604 858 2643 ξὺν
885 2602 1001 2636 ὅπλοιε
1032 2606 1128 2636 exire
1151 2606 1307 2647 iusserit,
1332 2609 1367 2639 id
1388 2619 1431 2640 no

794 2654 847 2682 ‹eui
889 2653 1013 2683 mirum
1048 2651 1202 2692 aecidat,
1242 2655 1428 2686 tenemium

794 2704 844 2729 emt
870 2698 1017 2739 intelligi
1034 2709 1125 2730 nunc
1141 2710 1316 2732 cursorem
1330 2704 1429 2743 gravi
