1644 2886
269 99 421 141 XCIV
700 99 814 139 PRO
823 97 1171 140 LEGOMENA
1319 110 1337 119 Χ

272 210 498 252 verborum
537 216 776 260 structura,
814 224 941 262 quam
982 210 1024 250 in
1064 210 1383 266 perspicuitatis
1424 209 1604 263 penuria

271 265 538 318 quaerendus
568 270 645 306 est.

384 342 472 385 Sed
510 341 732 397 videamus
763 342 888 383 etiam
921 342 973 384 de
1005 342 1214 396 dictione,
1248 358 1358 397 quae
1388 344 1431 384 in
1462 344 1602 384 verbis

274 399 337 440 vel
378 397 620 439 coniunctis
660 398 726 438 vel
765 398 946 453 siugulis
988 400 1188 440 cernitur.
1260 398 1367 440 Eam
1400 413 1501 440 vero
1533 413 1603 441 su-

271 469 347 509 pra
386 453 485 493 item
526 451 751 495 docuimus
781 460 942 495 castam
984 456 1134 509 utique
1173 469 1281 507 esse,
1322 455 1532 511 integram
1562 461 1604 495 et

271 511 580 560 intemeratam,
613 508 824 562 siquidem
866 509 1055 564 quidque
1086 526 1163 566 per
1193 525 1237 551 se
1268 510 1406 551 solum
1437 517 1604 566 specte-

271 573 353 606 tur.
436 564 494 604 Et
541 578 640 605 vero
686 579 905 620 speramus
955 566 1066 607 hanc
1114 567 1366 608 sententiam
1414 573 1604 607 nostram

270 634 350 661 nec
389 619 440 661 iis
472 619 761 674 improbatum
791 621 857 674 iri,
890 622 962 674 qui
993 620 1187 663 Graecae
1218 621 1440 675 dictionis,
1471 621 1604 663 maxi-

270 689 422 730 meque
455 675 731 730 Platonicae,
774 677 898 730 quasi
932 684 1105 733 gustum
1146 678 1327 730 aliquem
1369 684 1603 719 traxerunt.

270 731 562 773 Nihilominus
602 738 742 773 autem
787 733 912 773 etiam
951 733 1035 774 hoc
1072 733 1241 775 nomine
1273 733 1485 786 quandam
1516 749 1605 774 mo-

270 787 435 829 lestiam
474 786 684 840 sentient,
729 788 800 842 qui
841 787 895 829 ad
926 788 1151 830 universae
1184 790 1388 830 orationis
1420 789 1604 831 colorem

270 849 314 884 et
352 843 475 898 quasi
516 843 709 884 habitum
749 845 934 885 animum
974 860 1096 886 suum
1148 845 1421 886 attenderint.
1492 845 1605 886 Nam

272 898 402 940 habet
430 913 531 940 sane
564 898 697 940 dictio
716 914 800 940 non
825 914 920 941 raro
942 901 1106 954 aliquid
1130 901 1312 955 quaesiti
1346 907 1388 941 et
1418 900 1605 956 operosi,

272 969 359 1008 quo
385 969 468 996 non
498 969 648 1008 parum
681 955 914 1010 impeditur
932 963 1055 1011 grata
1074 957 1147 997 illa
1169 957 1376 999 orationis
1406 955 1604 1008 facilitas,

272 1026 357 1064 qua
407 1025 622 1052 sermones
664 1011 859 1052 Platonis
898 1012 1091 1067 plerique
1135 1027 1281 1053 omnes
1322 1013 1389 1053 vel
1426 1012 1606 1054 maxime

271 1066 638 1108 commendantur.
710 1065 887 1122 Quippe
914 1068 1103 1110 insolens
1131 1068 1213 1109 iste
1244 1082 1347 1109 usus
1379 1068 1606 1110 verborum

269 1122 537 1177 poeticorum
571 1121 786 1163 interdum
817 1137 919 1164 sane
950 1124 1081 1165 mirus
1113 1123 1294 1165 accidat·
1310 1137 1486 1165 necesse
1517 1129 1606 1174 est3

271 1178 514 1232 frequentia
544 1184 684 1218 autem
710 1177 1010 1233 loquutionum
1041 1179 1380 1232 insolentiorum,
1412 1180 1606 1233 quamvis

249 1233 348 1289 ”per
387 1248 431 1275 se
474 1233 784 1287 probabilium,
827 1240 969 1276 tamen
999 1235 1093 1276 fieri
1123 1245 1208 1276 'non
1239 1242 1385 1290 potest
1416 1235 1517 1290 quin
1547 1234 1607 1276 le-

271 1289 462 1346 gentium
519 1289 683 1331 animos
731 1290 953 1345 paullatim
1000 1290 1177 1332 fastidio
1233 1291 1417 1345 quodam
1478 1303 1607 1344 atque

271 1345 416 1386 taedio
458 1344 622 1386 afficiat
661 1345 779 1386 haud
815 1346 1001 1387 absimili
1031 1347 1108 1400 illi,
1145 1347 1261 1400 quod
1297 1362 1347 1387 ex
1377 1346 1507 1388 nimia
1537 1361 1607 1387 co-

302 1401 344 1441 ia
383 1401 574 1442 ciborum
616 1400 911 1442 delicatiorum
948 1408 1077 1456 atque
1117 1401 1398 1458 cupediorum
1439 1402 1608 1444 contra-

271 1417 399 1497 bitur.
476 1455 655 1498 Scilicet
697 1456 925 1502 dicendum
976 1458 1045 1499 hio
1085 1472 1185 1499 sane
1237 1458 1352 1512 quod
1403 1473 1470 1500 res
1520 1463 1605 1499 est:

302 1512 470 1554 uerelae
494 1511 612 1565 illae,
657 1527 765 1567 quae
808 1528 943 1567 nuper
984 1529 1007 1554 a
1036 1514 1196 1555 criticis
1227 1515 1279 1555 de
1339 1514 1606 1568 erissologia,

272 1527 324 1609 de
366 1567 565 1609 aflectata
594 1569 941 1624 magnificentia,
989 1568 1041 1610 de
1083 1575 1265 1623 tumore,
1306 1529 1359 1610 ge
1398 1570 1607 1610 similibus

272 1623 458 1677 denique
481 1623 597 1665 vitiis
617 1624 775 1678 operis,
807 1625 989 1666 iactatae
1021 1633 1135 1678 sunt,
1166 1626 1266 1667 licet
1285 1625 1431 1667 habita
1462 1626 1607 1681 singu-

271 1679 406 1720 larum
450 1679 684 1721 dictionum
716 1680 881 1721 ratione
911 1680 1055 1721 irritae
1087 1681 1247 1722 fuerint
1276 1688 1319 1722 et
1347 1682 1510 1734 inanes,
1544 1687 1606 1722 ta·
1638 1726 1643 1728 s

270 1747 367 1776 men
413 1741 590 1776 eatenus
637 1741 752 1776 certe
800 1751 886 1776 non
935 1737 1109 1777 omnino
1160 1737 1324 1778 caussis
1375 1736 1607 1779 destitutae

272 1796 388 1844 sunt,
429 1798 639 1844 quatenus
677 1792 723 1832 in
765 1791 910 1832 multis
947 1792 1114 1847 Legum
1143 1792 1249 1834 locis
1277 1792 1482 1834 rariorum
1515 1806 1606 1833 ver-

270 1846 422 1888 borum
461 1862 510 1888 ac
551 1846 722 1888 dicendi
753 1847 983 1888 formarum
1024 1847 1211 1889 studium
1252 1849 1312 1889 ita
1350 1846 1606 1900 dominatur,

270 1909 319 1943 ut
358 1902 483 1944 facile
525 1903 779 1958 suspiceris,
818 1903 1070 1957 scriptorem
1103 1903 1155 1944 de
1186 1903 1395 1946 industria
1424 1903 1606 1945 insolen-

269 1959 393 2000 tioris
429 1958 631 2000 dictionis
663 1965 705 1999 et
736 1960 942 2000 sermonis
974 1959 1252 2008 calamistrati
1291 1967 1419 2013 atque
1450 1959 1606 2001 delica-

270 2014 350 2056 tuli
380 2014 549 2056 laudem
581 2020 843 2070 aucupatum
873 2029 977 2057 esse.

383 2103 473 2144 Iam
503 2118 606 2145 vero
633 2102 687 2144 ad
718 2109 978 2144 structuram
1007 2102 1280 2158 periodorum
1311 2108 1439 2156 atque
1470 2103 1606 2143 conti·

271 2173 380 2200 uuae
415 2159 622 2200 orationis
642 2159 1023 2200 conformationem
1054 2158 1169 2213 quod
1201 2159 1408 2213 pertinet,
1441 2158 1606 2199 etiamsi

270 2214 511 2256 liberiorem
553 2214 891 2256 enuntiationum
932 2215 1286 2270 compositionem
1325 2214 1448 2255 facile
1498 2214 1606 2255 {era-

270 2285 366 2313 mus
404 2277 555 2326 utpote
594 2285 735 2324 neque
775 2284 800 2310 a
846 2271 1017 2326 linguae
1067 2269 1260 2312 Graecae
1310 2270 1484 2325 ingenio
1533 2269 1639 2313 abm

272 2327 514 2368 horrentem
558 2332 601 2367 et
637 2340 766 2380 saepe
798 2326 925 2367 etiam
956 2333 1102 2382 gratae
1133 2325 1355 2367 cuiusdam
1385 2325 1606 2380 negligen-
1636 2366 1637 2374 ἵ

271 2383 382 2435 tiae,
427 2382 564 2437 qualis
594 2397 697 2423 sane
727 2382 772 2422 in
804 2382 910 2423 tales
942 2396 1182 2433 sermones,
1224 2381 1371 2436 quales
1403 2386 1503 2421 sunt
1533 2380 1604 2434 qui
1635 2415 1636 2418 ,

270 2440 313 2480 in
342 2439 410 2480 his
437 2438 557 2480 libris
586 2437 811 2490 habentur,
844 2437 1003 2493 optime
1033 2437 1258 2490 convenit,
1290 2436 1475 2492 speciem
1505 2450 1606 2492 prae
1634 2443 1644 2484 51

271 2510 316 2537 se
346 2494 576 2544 ferentem3
609 2499 751 2534 tamen
782 2493 826 2534 in
847 2493 928 2535 hoc
949 2507 1121 2547 quoque
1151 2507 1306 2549 genere
1336 2492 1607 2548 reperiuntur
1632 2489 1644 2522 ³3

271 2566 358 2593 non
395 2565 558 2606 pauca,
605 2563 716 2603 quae
748 2548 862 2590 haud
893 2564 994 2592 sane
1025 2549 1161 2590 levem
1193 2548 1470 2590 offensionem
1503 2547 1605 2588 affe·
1631 2558 1632 2582 1

271 2614 379 2647 rant.
465 2607 549 2648 Est
586 2605 696 2646 enim
740 2605 876 2646 oratio
926 2605 1306 2647 innumerabilibus
1366 2605 1453 2645 fere
1500 2604 1605 2645 locis
1629 2595 1644 2654 li
