1644 2886
513 99 679 144 mum
726 98 926 145 ssxri.
1209 156 1219 159 ,
1317 101 1391 141 103

26 213 108 257 lati
145 213 330 268 erimus,
372 220 464 257 tum
502 229 632 269 vero,
681 230 724 256 re
758 215 855 270 ipsa
884 213 1063 270 proiius
1095 213 1390 267 considerata,

30 270 183 315 melius
221 271 374 327 utique
415 287 544 328 quam
574 273 620 315 in
651 271 875 328 praesenti
908 229 1102 313 iudicare
1131 270 1390 327 poterimus,

25 327 129 371 ‘talis
166 328 343 371 vivendi
382 330 494 372 ratio
534 344 637 372 num
678 328 783 371 solis
817 327 920 371 viris
951 342 1005 369 au
1038 327 1169 370 etiam
1200 327 1391 370 mulieri-

28 385 113 428 bus
153 387 398 428 conveniat.
470 387 641 429 Pariter
676 387 805 427 etiam
848 400 922 439 ea,
964 399 1078 439 quae
1122 384 1295 440 legibus
1338 384 1392 427 de

30 441 99 484 his
149 442 279 485 rebus
322 443 565 486 scribendis
611 441 872 485 antecedere
922 440 1109 494 debent,
1171 441 1245 484 ubi
1311 457 1392 485 suo

33 512 230 554 quaeque
279 500 379 542 loco
429 498 591 542 fuerint
637 505 854 555 spectat-a,
888 498 1051 541 rectius
1101 497 1297 540 iudicare
1349 506 1392 541 et

7 558 297 599 'constituere
329 557 582 613 poterimus.
642 556 864 610 Quocirca
889 555 1003 609 illic,
1037 571 1150 611 quae
1181 555 1265 598 hoc
1294 555 1393 598 loeo

31 612 338 668 disseruimus,
387 614 634 656 meminisse
672 613 856 667 iuvabit,
889 612 1099 668 imprimis
1138 628 1242 655 vero
1287 612 1393 654 utile

31 670 113 713 erit
152 670 368 725 tenuisse,
410 669 529 726 quod
579 670 710 712 modo
759 669 1129 726 significavimus,
1173 670 1257 711 tria
1296 683 1393 712 esse

31 726 235 781 maxime,
284 742 397 783 quae
439 729 485 770 in
525 726 718 784 regenda
747 742 916 769 morum
948 726 1183 782 disciplina
1210 727 1392 781 respici-

30 784 143 827 enda
190 785 303 839 sint,
350 784 437 826 cibi
484 783 749 827 desiderium
800 790 843 827 et
884 790 1015 840 potus
1065 783 1311 840 appetitum
1351 789 1394 825 et

30 855 174 885 rerum
216 856 498 884 venerearum
535 841 836 897 cupiditatem.
907 840 1085 882 Etenim
1132 855 1185 882 ex
1230 839 1297 882 his
1324 854 1391 883 re-v

29 897 111 942 bus
154 899 445 942 communium
483 899 797 951 conviviorum,
831 913 856 940 a
907 898 1010 940 viris
1057 897 1220 954 pariter
1259 902 1392 952 atque

30 956 281 999 mulieribus
321 955 706 1009 celebrandorum,
749 954 939 997 elucebit
980 954 1148 997 utilitas
1183 960 1228 996 et
1257 953 1392 996 hone-

30 1019 134 1056 stas.
203 1014 368 1056 Verum
414 1012 636 1054 mittamus
674 1028 789 1054 nunc
834 1027 947 1067 quae
999 1011 1053 1053 de
1106 1011 1299 1053 virorum
1350 1018 1391 1053 et

31 1069 256 1112 mulierum
293 1069 506 1112 conviviis
538 1070 842 1112 communibus
872 1068 1060 1111 dicenda
1090 1068 1204 1122 sint,
1245 1068 1392 1110 venia-

31 1141 213 1182 musque
252 1126 307 1168 ad
349 1126 498 1183 leges,‘
528 1126 687 1181 quibus
718 1125 818 1168 novi
863 1125 1075 1182 coniuges
1108 1124 1390 1179 edoceantur,

33 1198 120 1237 quo
150 1190 280 1240 pacto
314 1182 475 1225 liberos
505 1182 723 1239 procreari
756 1188 970 1238 oporteat.
1036 1181 1085 1223 P.
1118 1183 1215 1223 779.
1248 1181 1306 1223 D.
1339 1207 1391 1212 —

33 1240 129 1282 783.
180 1240 237 1282 D.
320 1240 511 1296 Oportet
556 1239 690 1296 igitur
720 1248 949 1296 'sponsam
1002 1245 1134 1294 atque
1183 1252 1393 1294 sponsum

33 1296 214 1339 maxime
247 1311 397 1338 curare
427 1295 526 1351 hoc,
557 1303 607 1338 ut
639 1297 807 1339 civitati
844 1296 1005 1338 liberos
1038 1310 1167 1351 quam
1199 1295 1391 1350 optimos

32 1351 278 1396 exhibeant.
339 1352 473 1406 Quod
512 1369 599 1409 quo
629 1353 771 1410 magis
801 1353 893 1407 fiat,
924 1352 1134 1409 legendae
1164 1358 1269 1405 suut
1301 1367 1394 1394 mu-

31 1410 156 1452 lieres
182 1410 533 1466 speculatrices,
576 1425 689 1465 quae
731 1410 861 1452 huius
891 1410 953 1451 rei
985 1424 1134 1452 curam
1165 1415 1321 1466 gerant
1351 1419 1394 1451 et

30 1466 225 1522 quotidie
256 1466 494 1523 intemplo
563 1466 768 1524 Ilithyiae
808 1466 862 1509 de
912 1481 964 1509 ea
1011 1465 1259 1509 communia
1289 1480 1391 1508 con-

31 1524 171 1567 ferant
207 1523 401 1566 consilia.
468 1523 728 1566 Liberorum
779 1523 1024 1580 procreatio
1063 1538 1169 1566 vero
1198 1523 1391 1578 itemque

30 1581 232 1624 custodia
279 1596 452 1634 eorum,
493 1580 567 1636 qui
606 1581 668 1622 illi
708 1596 886 1638 operam
929 1580 1058 1635 dent,
1105 1595 1194 1622 uon
1226 1579 1391 1623 diutius

31 1652 161 1693 quam
202 1652 281 1693 per
320 1636 471 1679 decem
510 1653 647 1680 annos
686 1638 829 1680 locum
861 1637 1045 1691 habeat⁷
1079 1635 1296 1693 siquidem
1331 1638 1391 1678 te-

31 1692 221 1737 cund'um
263 1695 393 1736 fuerit
438 1694 784 1748 matrimonium
831 1695 899 1736 sin
939 1694 1106 1743 minus,
1156 1693 1391 1736 divortium

0 1750 300 1804 iaciendum,
341 1751 404 1792 uti
444 1751 717 1793 commodum
769 1752 899 1793 fuerit
938 1750 1093 1793 visum.
1178 1750 1391 1793 Mulieres

30 1822 134 1850 vero
163 1807 290 1860 illae,
334 1822 444 1862 quas
483 1807 687 1861 diximus,
723 1808 908 1850 subinde
941 1806 1094 1849 domos
1125 1821 1279 1849 recens
1311 1823 1391 1864 nu-

29 1871 203 1920 ptorum
249 1869 293 1904 et
339 1863 613 1907 matrimonio
660 1865 908 1907 iunctorum
973 1863 1165 1906 invisant
1226 1879 1392 1918 eosque

32 1920 101 1963 vel
140 1918 356 1962 monendo
387 1920 456 1962 vel
495 1921 624 1962 etiam
668 1921 907 1963 minitando
950 1936 976 1961 a
1019 1920 1133 1962 vitae
1175 1920 1392 1976 pravitate

32 1983 223 2020 arceant.
285 1975 417 2029 Quod
448 1977 487 2018 si
518 1992 605 2019 non
636 1977 862 2033 potuerint
892 1975 1079 2031 efficere,
1110 1991 1200 2018 rem
1222 1975 1392 2019 deferre

31 2033 89 2076 ad
129 2034 273 2090 legum
314 2032 522 2076 custodes
561 2033 747 2088 debent,
789 2034 863 2089 qui
895 2047 1060 2089 poenas
1099 2033 1144 2075 in
1185 2047 1260 2074 eos
1287 2048 1392 2075 cou—

31 2091 216 2133 stituant
255 2090 326 2145 (p.
373 2091 469 2132 783.
501 2090 563 2132 D.-
589 2115 644 2121 —
676 2092 771 2134 784.
802 2091 906 2146 D.).
939 2115 993 2122 --
1062 2089 1112 2132 Si
1144 2089 1270 2144 quis,
1312 2105 1391 2145 po·

33 2153 257 2203 steaquam
287 2146 448 2188 liberos
479 2162 532 2189 ex
589 2147 758 2204 legibus
790 2147 965 2205 genuit,
998 2161 1095 2188 cum
1127 2146 1269 2189 aliena
1298 2163 1391 2189 mu-

32 2204 133 2246 liere
174 2219 265 2246 rem
304 2202 463 2246 habeat
503 2210 579 2245 aut
620 2204 774 2246 mulier
814 2219 912 2247 cum
938 2218 1082 2257 mare,
1115 2202 1182 2247 his
1214 2202 1390 2258 quidem

32 2260 174 2303 adhuc
203 2259 352 2302 liberis
383 2260 734 2316 procreantibus,
767 2261 869 2303 item
888 2261 1096 2317 puniatur
1117 2260 1388 2316 gravissime.

33 2316 198 2360 Contra
236 2317 310 2372 qui
355 2323 650 2373 temperantes
689 2317 1004 2374 permanserint
1034 2331 1175 2371 neque
1205 2316 1389 2358 lubidini

34 2374 311 2429 indulserint,
347 2374 378 2416 ii
408 2374 561 2416 merito
595 2374 758 2416 honore
789 2380 999 2417 ornentur
1030 2375 1092 2430 (p.
1127 2376 1222 2416 784.
1256 2373 1314 2414 D.
1336 2399 1389 2403 —

37 2432 133 2474 785.
169 2433 271 2487 A.).
303 2458 355 2464 —-
417 2431 510 2473 Iam
541 2446 646 2473 vero
685 2447 783 2473 cum
822 2431 902 2484 iis,
943 2446 1054 2486 quae
1093 2429 1391 2487 exposuimuS‚

37 2488 293 2543 cognatione
335 2488 523 2545 quadam
566 2494 610 2530 et
650 2487 974 2530 necessitudine
1016 2487 1122 2529 haec¹
1166 2486 1392 2528 ‹eontinen-

36 2551 118 2587 tur.
179 2547 331 2588 Annus
367 2546 580 2600 cuiusque
622 2545 776 2587 natalis
817 2545 1111 2601 perscribatur
1142 2545 1187 2585 in
1217 2542 1390 2585 sacellis

38 2601 226 2658 paternis
258 2607 386 2657 atque
417 2602 515 2644 albo
547 2602 838 2658 phratriarum
860 2599 1100 2644 secundum
1133 2599 1388 2642 archontum

36 2658 251 2704 ordinem3
293 2673 438 2701 eorum
477 2667 619 2701 autem
653 2658 842 2711 nomina,
872 2658 946 2712 qui
977 2658 1066 2699 vita
1097 2664 1392 2712 excesserunt,
