1592 2872
511 75 592 118 DE
624 70 902 117 LEGIBUS
934 78 1015 114 etc..
1342 65 1433 108 Vll

79 206 211 246 quum
242 190 416 232 interim
447 188 592 231 multis
621 188 755 242 loeis,
784 187 857 230 ubi
888 184 1178 242 copiosiorem
1208 183 1432 227 desideres

77 263 221 291 rerum
259 246 578 304 expositionem
616 252 748 302 atque
793 242 1167 299 disquisitionem,
1209 240 1360 285 eadem
1388 242 1433 284 in

77 304 305 362 angustius
345 304 403 348 sit
439 309 688 357 contracta,
728 307 779 344 ut
815 316 903 344 non
932 315 1031 343 raro
1062 297 1335 342 desideretur
1361 313 1433 342 ex-

79 363 330 420 plicationis
370 361 618 404 constantia
657 367 701 403 et
739 357 1043 413 aequabilitas.
1114 355 1203 400 Sed
1238 356 1295 399 ad
1325 357 1435 400 haec

79 421 210 463 etiam
240 420 417 462 tertium
448 417 655 474 quiddam
685 415 867 459 accedit.
928 414 1116 457 Videtur
1151 414 1265 456 enim
1295 415 1434 457 omnis

79 478 164 521 ista
205 476 445 534 disputatio
494 475 548 518 de
585 474 758 531 legibus
800 479 844 515 et
881 472 1060 515 civitate
1099 472 1301 514 instituta
1336 487 1435 538 per-

81 549 210 591 quam
253 535 400 577 ieiuna
440 548 491 575 ac
533 530 847 589 propemodum
902 529 1078 571 humilis
1128 544 1240 584 esse,
1273 545 1434 587 quippe

82 608 216 648 quum
252 607 340 634 non
378 589 507 633 modo
546 595 640 631 tota
679 593 877 630 versetur
914 587 959 629 in
999 586 1130 629 rebus
1161 587 1432 644 vulgaribus,

83 665 231 692 verum
269 647 441 691 easdem
483 646 579 690 illas
629 645 758 688 etiam
811 642 1085 701 populariter
1131 651 1434 700 persequatur.

81 706 295 750 Subsistit
333 704 446 747 enim
487 704 582 746 iere,
617 703 663 745 in
703 700 961 759 explicanda
999 708 1043 743 et
1082 701 1436 744 commendanda

79 762 280 820 populari
321 761 509 818 quadam
549 760 784 817 prudentia
814 765 858 802 et
889 759 1119 815 sapientia,
1151 774 1337 815 raroque
1367 775 1436 803 as-

80 836 155 863 sur
187 820 222 862 it
245 819 397 871 altius3
438 833 661 873 nunquam
693 823 835 859 autem
870 815 924 858 ad
946 815 1063 858 illam
1094 815 1436 873 philosophandi

80 879 160 920 sub
180 878 390 920 imitatem
427 876 662 930 attollitur,
704 890 832 931 quam
874 874 919 916 in
949 873 1155 929 Platone,
1196 874 1336 917 sicubi
1365 890 1436 918 res

79 935 268 978 illustrat
307 940 463 976 natura
501 949 580 976 sua
617 939 705 975 tam
744 947 928 989 graves,
959 945 1088 987 quam
1121 937 1222 974 sunt
1280 946 1361 974 uae
1390 931 1434 974 in

78 993 274 1050 Legibus
295 993 583 1048 attinguntur,
615 1005 701 1034 non
723 991 816 1033 sine
835 989 1023 1031 maxima
1053 988 1184 1031 animi
1213 1004 1268 1032 vo
1287 995 1436 1046 uptate

79 1050 352 1094 admiramur.

193 1162 318 1206 Haec
347 1162 483 1219 igitur
502 1162 602 1203 ‘iere
637 1168 740 1204 sunt
768 1161 866 1215 illa,
899 1176 1011 1218 quae
1043 1162 1172 1204 nobis
1204 1176 1433 1218 argumen-

77 1221 287 1263 tationem
317 1235 368 1262 ac
399 1218 645 1262 disserendi
673 1219 884 1261 rationem
921 1220 966 1262 in
998 1220 1168 1276 Legum
1197 1234 1330 1275 opere
1362 1234 1435 1262 ex-

80 1283 295 1333 promtam
324 1275 703 1319 considerantibus
734 1291 915 1331 eamque
946 1292 1045 1319 cum
1076 1283 1168 1319 arte
1199 1291 1251 1318 ac
1282 1276 1436 1320 soller-

78 1335 140 1376 tia
174 1333 417 1377 disserendi
449 1332 565 1389 apud
598 1332 824 1376 Platonem
857 1334 961 1376 alibi
987 1335 1150 1377 usitata
1180 1348 1436 1390 comparan-

78 1392 197 1434 tibus
227 1393 335 1434 mira
364 1406 467 1433 sane
499 1389 715 1446 planeque
746 1390 977 1433 insolentia
996 1391 1134 1435 videri
1165 1391 1233 1434 vel
1263 1392 1437 1447 possint

79 1449 148 1492 vel
196 1448 396 1491 debeant.
468 1447 750 1505 Quapropter
788 1463 869 1490 nec
910 1448 1167 1503 defuerunt,
1213 1449 1289 1504 qui
1327 1448 1435 1492 haec

77 1508 176 1564 ipsa
211 1505 451 1548 deliberato
491 1505 675 1548 consilio
714 1505 874 1548 acriter
908 1507 1203 1563 exagitarent,
1245 1506 1436 1562 indeque

78 1572 335 1619 argumenta
371 1568 640 1618 repeterent,
686 1563 844 1618 quibus
885 1564 1078 1607 universi
1110 1563 1255 1621 operis
1285 1570 1434 1607 a‘ucto-

79 1621 184 1663 ritas
222 1621 264 1663 in
304 1620 460 1662 malam
504 1619 636 1662 fidem
679 1620 1012 1676 perduceretur3
1067 1620 1113 1663 id
1163 1620 1282 1677 quod
1334 1629 1436 1678 post

80 1677 297 1722 Aetium
341 1677 550 1734 imprimis
592 1677 695 1720 fecit
741 1678 1004 1722 Zellerus
1054 1677 1181 1722 Stud.
1231 1678 1434 1722 Platonn.

79 1751 121 1793 p.
161 1736 227 1778 23.
272 1751 367 1791 sqq.
431 1735 525 1777 Nec
555 1750 659 1778 vero
690 1750 771 1778 nos
803 1735 979 1790 quidem
1010 1735 1250 1778 diffitemur
1279 1736 1435 1779 abhor-

80 1808 172 1835 rere
203 1793 315 1835 hanc
345 1792 557 1835 rationem
588 1792 727 1834 videri
759 1793 812 1835 ab
845 1793 1025 1836 aliorum
1057 1808 1304 1836 sermonum
1334 1793 1434 1835 Pla.-

81 1850 327 1892 tonicorum
367 1864 448 1892 usu
489 1860 534 1891 et
572 1849 890 1893 consuetudine
929 1851 1187 1906 plurimum,
1235 1850 1434 1906 adeoque

82 1905 195 1948 ult-ro
235 1912 369 1960 atque
411 1913 567 1961 sponte
606 1907 836 1963 largimur,
892 1923 987 1950 esse
1033 1908 1115 1950 hoc
1169 1909 1213 1949 in
1260 1923 1434 1965 genere,

82 1978 194 2017 quae
237 1979 316 2019 pro
356 1962 526 2005 vitiosis
571 1962 772 2004 ducenda
812 1965 911 2006 sint.
990 1964 1285 2008 Nihilominus
1331 1980 1436 2008 vero

80 2019 212 2062 iidem
247 2020 292 2061 in
324 2035 375 2062 ea
402 2034 551 2062 sumus
580 2020 811 2074 sententia,
840 2026 905 2075 ut,
937 2021 973 2064 si
1005 2037 1115 2077 quae
1144 2022 1304 2065 vitiosa
1333 2023 1435 2078 sint,

81 2092 134 2119 ea
171 2077 469 2119 existimemus
507 2092 559 2118 ex
599 2076 742 2133 operis
794 2077 966 2132 indole,
1009 2079 1216 2134 consilio,
1258 2080 1436 2137 origini·

82 2135 164 2177 bus
193 2142 325 2190 atque
356 2134 457 2176 fatis
488 2149 616 2190 posse
646 2134 715 2176 vel
746 2134 955 2177 declarari
981 2136 1047 2178 vel
1068 2136 1291 2189 excusari3
1324 2152 1436 2193 quae

83 2198 226 2238 autem
256 2198 483 2248 praeterea
511 2197 718 2246 tanquam
757 2192 995 2250 singularia
1023 2193 1218 2236 notanda
1244 2198 1435 2249 veniant,

81 2264 134 2290 ea
185 2256 349 2291 tantum
400 2249 546 2302 abest,
597 2255 646 2290 ut
694 2263 719 2290 a
747 2249 943 2293 Platonis
974 2251 1141 2293 ratione
1170 2251 1312 2294 aliena
1341 2267 1436 2295 esse

82 2305 318 2360 ducamus,
361 2312 410 2348 ut
438 2306 595 2363 partim
626 2305 736 2348 adeo
766 2322 844 2363 pro
875 2308 1060 2364 insignis
1089 2308 1314 2352 cuiusdam
1349 2310 1437 2352 sol-

82 2363 230 2405 lertiae
270 2364 536 2420 argumentis
567 2363 769 2406 habenda
797 2363 1048 2419 videantur,
1081 2372 1236 2422 utpote
1267 2368 1437 2423 sapien-

83 2420 245 2463 tissime
285 2426 573 2477 attemperata
600 2421 736 2463 totius
767 2421 919 2479 scripti
958 2423 1150 2466 consiliis
1182 2430 1314 2480 atque
1343 2425 1437 2467 uni-

86 2491 233 2519 versae
282 2478 531 2534 scriptionis
582 2479 837 2522 rationibus.
898 2479 1032 2533 Quod
1063 2480 1239 2536 quidem
1271 2496 1349 2523 cur
1378 2481 1438 2524 ita

87 2539 355 2588 statuamus,
399 2534 556 2577 dehine
595 2551 646 2578 eo
678 2535 808 2578 modo
848 2536 1004 2579 docere
1046 2539 1232 2580 animum
1265 2538 1436 2581 induxi·

85 2605 203 2644 mus,
235 2598 283 2633 ut
322 2593 400 2646 iis,
447 2608 557 2647 quae
600 2592 652 2634 de
685 2594 1069 2649 argumentationis
1104 2596 1220 2638 vitiis
1252 2594 1438 2638 dicenda

85 2655 222 2699 erum,
265 2649 306 2690 in
348 2650 630 2703 posteriorem
663 2651 803 2692 locum
844 2652 1040 2707 reiectis,
1083 2659 1179 2695 ante
1222 2653 1364 2696 onmia
1396 2655 1438 2696 in
