1644 2886
511 91 596 132 DE
630 89 908 133 LEGlssUs
941 98 1023 131 ete.
1260 88 1422 131 XCIII

52 204 243 261 speciem
286 211 419 260 atque
460 203 640 246 formam
670 205 755 245 iam
782 202 927 246 denuo
959 203 1246 246 intuentibus.
1305 202 1422 245 Nam

51 276 184 316 quum
218 268 363 303 totum
393 275 505 316 opus
536 261 712 302 omnino
745 259 921 315 quidem
953 275 1033 303 sua
1062 259 1251 316 quadam
1283 261 1424 317 gratia

10 330 13 334 ’
52 325 184 374 atque
217 325 450 360 venustate
481 317 634 372 niteat,
668 326 814 359 tamen
834 318 968 359 habet
997 319 1099 359 item
1130 317 1281 360 neseio
1313 317 1420 372 quid

52 375 230 432 operosi
262 382 306 417 et
339 374 474 430 quasi'
494 374 757 428 aerumnosi,
789 374 909 429 quod
938 375 1069 417 alicui
1089 375 1232 417 minus
1249 374 1423 430 placeat

7 439 11 448 ‘
53 431 260 489 quodque
298 432 384 488 ipsi
425 432 623 473 ultimam
662 431 806 472 limam
836 447 924 473 non
955 447 1052 474 esse
1081 431 1323 474 adhibitam
1353 447 1421 474 ar-

51 495 170 547 guat.
231 488 366 542 Quod
397 489 524 544 quale
554 488 627 543 sit,
659 487 813 544 paucis
845 488 1108 531 indicavisse
1140 488 1344 531 sufficiet.

190 545 347 600 Itaque
407 545 592 602 primum
660 543 835 587 dicendi
891 560 1033 603 genus
1096 546 1171 588 ubi
1245 555 1418 601 specta-

5 603 7 642 }
52 618 163 657 mus,
195 610 262 646 est
292 601 403 645 illud
435 601 627 657 quidem,
659 602 789 644 sicuti
818 608 948 643 antea
979 601 1277 657 ostendimus,
1319 619 1421 659 pru-

0 693 5 728 l
54 660 208 702 denter
246 667 290 702 et
336 659 468 702 rebus
518 659 627 714 ipsis
679 659 841 715 pariter
891 665 1023 715 atque
1073 659 1422 714 colloquentium

0 733 5 770 ’ῃ
53 718 255 773 personis
293 716 617 759 accommodate
657 715 891 769 delectum,
925 715 1282 771 quandoquidem
1312 717 1422 759 mix-

2 792 3 815 1
53 783 146 816 tum
179 774 306 829 quasi
337 784 381 815 et
410 771 646 815 conflatum
678 780 747 815 est
776 787 831 814 ex
861 788 1021 829 genere
1051 773 1264 816 sermonis
1296 775 1420 816 tenui

53 846 105 873 ac
143 830 343 884 sublimi,
399 829 470 872 cui
517 829 737 872 interdum
779 830 919 885 ¹etiam
970 829 1143 873 aceedit
1206 830 1420 885 quaedam

52 888 266 931 orationis
314 886 595 930 mediocritas
630 887 753 928 vario
787 886 1032 930 disserendi
1062 893 1320 944 argumento
1352 894 1418 929 at-

52 951 304 1002 temperata.
375 943 466 988 Sed
506 943 589 986 hoc
630 959 764 999 quum
806 943 1143 1000 prudentissime
1174 945 1237 986 ita
1266 945 1323 987 sit
1354 945 1420 986 in—

53 1003 277 1056 stitutum,
319 1008 366 1043 ut
405 1000 532 1044 facile
575 1016 626 1043 ea
655 1002 699 1043 in
730 1001 900 1044 ratione
930 1017 1147 1058 agnoscas
1179 1002 1420 1058 perfectum

54 1058 230 1101 dicendi
268 1058 504 1111 artificem,
543 1067 687 1099 tamen
718 1059 908 1101 orationi
937 1059 1125 1102 subinde
1155 1058 1264 1101 adeo
1297 1058 1421 1101 deest

54 1116 328 1158 concinnitas
368 1126 412 1157 et
450 1115 763 1170 aequabilitas,
806 1122 859 1157 ut>
896 1116 1027 1158 etiam
1060 1117 1105 1158 in
1137 1116 1281 1158 vicina
1312 1116 1422 1165 vitia

0 1224 4 1229 ,
55 1173 306 1230 degeneret.
374 1172 491 1214 Nam
531 1173 790 1228 simplicitas
831 1173 1050 1215 interdum
1099 1173 1190 1215 abit
1244 1174 1288 1215 in
1328 1189 1419 1216 mo-

54 1230 208 1272 lestam
245 1228 466 1284 quandam
507 1229 769 1284 exilitatem,
812 1236 862 1271 ut
890 1246 977 1272 non
1006 1229 1138 1273 modo
1169 1245 1237 1273 res
1266 1230 1419 1287 vulga-

54 1302 124 1329 res
163 1287 424 1342 minimeque
466 1285 719 1328 reconditae
748 1287 969 1343 copiosius
1000 1287 1298 1344 explicentur,
1332 1302 1419 1342 quo

55 1343 109 1385 de
149 1359 309 1401 genere
350 1359 484 1399 supra
522 1342 631 1398 Cap.
663 1343 767 1386 XV.
800 1343 918 1388 Sect.
950 1344 1031 1387 IV.
1064 1344 1276 1386 nonnulla
1304 1351 1420 1386 attu-

56 1401 203 1455 limus,
235 1416 385 1443 verum
417 1401 547 1442 etiam
581 1401 779 1443 oratione
810 1401 931 1442 arida
962 1402 1089 1443 nimis
1111 1409 1241 1457 atque
1273 1401 1421 1443 ieiuna

56 1464 403 1512 pertractentur,
444 1456 490 1499 id
534 1457 653 1512 quod
687 1458 740 1499 de
771 1458 926 1500 iisdem
956 1459 1041 1501 illis
1073 1458 1182 1502 locis
1213 1459 1275 1500 ita
1305 1458 1418 1501 iudi-

55 1514 242 1556 candum
273 1522 361 1569 est,
394 1530 504 1570 quos
537 1515 667 1556 simili
699 1515 744 1556 in
776 1529 948 1570 caussa,
982 1516 1055 1558 ubi
1088 1515 1142 1558 de
1174 1516 1419 1559 dialecticis

58 1571 397 1627 explicavimus,
443 1571 661 1615 notandos
694 1571 911 1615 duximus.
973 1573 1312 1630 Magnificentia
1343 1589 1419 1615 au-

54 1637 141 1670 tem
182 1643 233 1671 ac
272 1629 516 1672 sublimitas
556 1629 794 1683 orationis,
839 1630 1011 1672 etiamsi
1050 1631 1280 1672 maximam
1319 1646 1419 1687 par-

55 1692 143 1727 tem
168 1686 303 1742 -plane
334 1686 492 1728 eximia
521 1686 580 1728 sit
608 1695 740 1742 atque
773 1688 891 1729 omni
922 1687 1051 1729 laude
1079 1687 1239 1744 digna,
1272 1695 1419 1730 tamen

56 1742 242 1785 subinde
272 1743 471 1785 nonnihil
499 1743 633 1785 traxit
671 1743 862 1786 affec-tati
903 1751 1036 1799 atque
1075 1745 1257 1799 tumidi,
1302 1744 1420 1801 quod

58 1799 232 1841 nativae
273 1800 516 1856 elegantiae
555 1808 623 1843 est
661 1800 973 1843 adversarium.
1050 1801 1272 1855 Quorsum
1320 1817 1420 1859 per—

57 1857 170 1898 tinet
207 1857 416 1912 imprimis
461 1857 592 1899 nimia
639 1858 766 1914 copia
798 1866 838 1900 et
888 1859 1135 1914 frequentia
1183 1860 1421 1901 inusitatae

59 1912 267 1955 dictionis
326 1913 483 1968 partim
540 1914 601 1955 in‘
644 1915 944 1970 superioribus
1006 1916 1220 1971 exposita.
1303 1916 1421 1958 Nam

59 1969 230 2011 etiamsi
275 1969 472 2026 singula,
505 1984 616 2024 quae
647 1985 699 2011 eo
730 1972 1002 2026 referuntur,
1035 1988 1112 2028 per
1143 1987 1190 2014 se
1221 1979 1421 2028 spectata

58 2026 167 2068 vitio
207 2033 355 2068 carent
394 2041 535 2081 neque
577 2040 678 2068 sunt
727 2027 1017 2084 inelegantia,
1069 2035 1214 2071 tamen
1268 2030 1422 2072 crebra

58 2098 208 2126 eorum
238 2083 443 2138 repetitio
484 2082 672 2139 denique
701 2083 950 2141 legentibus
980 2085 1226 2128 satietatem
1260 2101 1310 2129 ac
1329 2094 1420 2129 tae-

47 2139 176 2183 dium
218 2139 372 2182 afferat
411 2155 592 2182 necesse
627 2146 720 2195 est,
762 2141 1004 2184 cuiusmodi
1037 2143 1286 2185 satietatem
1318 2159 1422 2186 vera

59 2203 104 2239 et
139 2212 346 2254 germana
381 2197 592 2239 orationis
631 2197 770 2240 virtus
813 2199 993 2255 gignere
1035 2215 1256 2255 nunquam
1291 2201 1419 2244 solet.

61 2253 162 2295 Huc
191 2253 387 2307 accedit,
435 2254 555 2309 quod
595 2254 780 2296 subinde
826 2271 893 2297 res
935 2263 1013 2298 aut
1042 2273 1131 2299 non
1164 2257 1219 2299 ad
1250 2258 1420 2314 perspi-

61 2310 265 2366 cuitatem
306 2326 446 2366 usque
487 2311 784 2366 explicantur,
827 2320 903 2354 aut
940 2314 1120 2355 nimium
1162 2314 1417 2367 dilatantur,

62 2366 415 2422 quandoquidem
447 2368 651 2410 subtilior
681 2384 827 2410 earum
860 2369 1136 2413 desideratur
1165 2372 1419 2427 explicatio,

61 2422 108 2464 id
148 2424 265 2478 quod
306 2425 392 2468 iam
430 2440 566 2481 supra
615 2424 724 2481 Cap.
775 2426 881 2469 XV.
931 2426 1048 2470 Sect.
1101 2429 1184 2472 IV.
1226 2436 1269 2470 et
1310 2429 1419 2485 Cap.

63 2479 192 2521 XVI.
233 2480 350 2524 Sect.
395 2481 482 2524 ΙΙΙ.
524 2488 568 2523 et
606 2481 689 2525 IV.
738 2482 1142 2528 demonstravimus.
1214 2486 1284 2527 Ex
1332 2501 1419 2540 quo

63 2551 335 2592 consequens
378 2546 468 2592 est,
512 2546 560 2580 ut
599 2539 731 2581 etiam
763 2541 902 2584 oratio
930 2542 1117 2585 subinde
1150 2543 1420 2585 obscuritate

63 2592 252 2648 laboret,
300 2595 654 2651 quandoquidem
701 2597 831 2640 huius
875 2598 1014 2653 ipsius
1053 2600 1151 2642 fons
1191 2599 1420 2655 primarius

66 2664 150 2691 non
187 2655 275 2692 tam
314 2652 359 2694 in
388 2653 572 2709 singulis
606 2654 750 2696 verbis
783 2661 826 2696 et
868 2654 1042 2698 dicendi
1086 2657 1236 2699 formis
1268 2663 1343 2699 aut
1374 2658 1419 2699 in
