1644 2886
285 123 364 162 ‘240
721 118 1169 163 ARGUMENTUM

285 231 379 286 dem
409 232 642 273 excolatur.
700 230 760 271 Et
785 244 966 285 corpora
997 231 1183 286 quidem,
1215 247 1324 287 quae
1343 233 1490 288 pulcra
1517 233 1601 275 sint

285 288 489 339 extitura,
530 284 767 328 curandum
805 295 872 328 est
918 293 968 328 ut
1019 287 1162 329 statim
1198 288 1251 329 ab
1300 289 1421 330 initio
1474 303 1599 343 quam

286 343 518 384 rectissime
566 347 761 383 crescant
800 349 841 383 et
876 342 1133 385 nutriantur.
1202 342 1324 396 Quae
1358 359 1486 398 quum
1516 345 1601 399 pri-

285 400 363 439 mis
400 398 522 439 annis
562 397 767 439 infantiae
808 399 1013 441 maximos
1056 405 1206 441 auctus
1241 414 1390 455 capere
1420 400 1600 452 soleant,

284 453 519 507 eodemque
558 453 631 495 illo
668 459 858 509 tempore
896 454 1025 496 etiam
1075 455 1271 498 facillime
1309 455 1438 497 nimia
1480 456 1604 510 copia

284 516 327 551 et
372 508 644 551 multitudine
697 510 1051 552 nutrimentorum
1098 518 1447 566 corrumpantur,
1498 511 1603 552 nihil

283 571 349 607 est
389 580 490 607 sane
531 565 763 607 studiosius
803 565 1040 622 agendum,
1095 582 1220 621 quam
1258 573 1306 608 ut
1344 567 1423 609 hac
1465 573 1602 608 aetate

282 622 409 663 etiam
446 627 619 663 utantur
655 621 780 664 iustis
817 622 1104 675 motionibus,
1132 623 1372 677 laboribus,
1401 623 1604 665 exercita—

283 678 484 719 tionibus.
548 677 607 718 Et
634 677 760 719 huius
791 678 963 732 quidem
993 678 1054 719 rei
1082 679 1248 720 initium
1278 679 1360 720 iam
1390 685 1481 721 tum
1510 679 1603 721 fieri

284 733 427 787 debet,
467 748 597 787 quum
645 733 827 776 infantes
858 733 1047 776 nondum
1085 734 1128 775 in
1166 735 1302 776 lucem
1343 735 1447 776 editi
1487 742 1601 789 sunt,

284 789 362 831 sed
400 789 539 831 adhuc
576 796 799 845 gestantur
835 790 878 830 in
907 797 1041 832 utero.
1101 791 1254 845 Itaque
1283 792 1478 833 mulieres
1508 807 1603 848 gra-

284 845 408 887 vidae
448 845 607 887 crebris
647 852 822 887 utantur
868 846 1241 888 ambulationibus.
1312 847 1418 888 Nati
1464 855 1604 890 autem

285 901 358 944 ubi
400 901 584 943 infantes
624 908 745 955 sunt,
785 917 860 957 per
897 902 1113 943 biennium
1152 903 1297 944 fasciis
1332 903 1605 945 involvantur

286 963 415 1012 atque
445 957 499 998 ad
530 972 684 999 annum
713 957 865 1000 aetatis
896 958 982 999 fere
1012 959 1183 999 tertium
1212 970 1349 1012 usque
1378 974 1403 1000 a
1428 960 1604 1001 nutrici-

284 1015 363 1055 bus
435 1019 647 1067 estentnr,
689 1020 961 1066 moveantur,
1001 1014 1226 1070 agitentur.
1293 1013 1392 1068 Qua
1434 1015 1604 1070 quidem

283 1084 330 1111 re
360 1029 466 1111 niffiil
507 1075 572 1111 est
609 1069 664 1111 ad
702 1069 892 1124 corporis
932 1069 1144 1125 animique
1183 1070 1342 1112 cultum
1380 1070 1603 1114 salubrius.

284 1125 398 1167 Nam
438 1131 612 1167 externo
651 1125 734 1167 isto
766 1131 884 1167 motu
913 1125 1100 1167 efficitur
1128 1125 1219 1168 sine
1250 1125 1379 1168 dubio
1417 1126 1512 1180 hoc,
1554 1135 1602 1169 ut

287 1181 415 1223 etiarn
451 1181 569 1223 intus
606 1181 650 1222 in
692 1181 842 1223 animis
881 1188 1051 1224 cessent
1088 1188 1227 1224 motus
1263 1182 1604 1237 turbulentiores,

286 1238 359 1291 qui
387 1237 634 1293 plerumque
678 1251 702 1278 a
731 1243 846 1279 metu
878 1252 928 1279 ac
957 1238 1107 1279 timore
1136 1238 1483 1293 proficiscuntur3
1521 1255 1605 1294 quo

285 1295 381 1348 ipso
421 1293 699 1335 confirmatur
737 1300 779 1335 et
818 1299 1001 1349 augetur
1037 1294 1167 1335 animi
1195 1294 1402 1336 fortitudo
1433 1305 1476 1336 et
1505 1310 1606 1337 con-

287 1349 457 1392 stantia.
529 1351 758 1391 Praeterea
797 1349 923 1392 etiam
965 1348 1201 1391 cavendum
1239 1349 1388 1392 sedulo
1426 1356 1513 1401 est,
1552 1366 1605 1393 ne

284 1406 466 1448 infantes
497 1411 571 1448 aut
605 1405 839 1447 timidiores
881 1411 955 1447 aut
981 1405 1234 1448 morosiores
1265 1420 1315 1446 ac
1341 1405 1604 1448 difficiliores

286 1461 483 1504 existant.
543 1461 736 1515 Quorum
779 1461 956 1504 alterum
996 1462 1082 1504 fere
1114 1461 1243 1503 nimia
1270 1461 1535 1518 indulgentia
1564 1469 1607 1503 et

285 1517 401 1560 molli
436 1518 614 1559 lenitate
652 1517 858 1570 efficitur,
898 1517 1075 1559 alterum
1109 1523 1357 1573 procreatur
1383 1517 1512 1559 nimia
1539 1530 1606 1559 se-

285 1574 476 1615 veritatis
511 1573 759 1615 morositate
810 1588 860 1614 ac
905 1573 1093 1614 tristitia.
1159 1573 1228 1614 Ex
1267 1573 1422 1627 quibus
1473 1573 1606 1615 omni-

284 1630 365 1671 bus
395 1643 661 1682 consequens
694 1634 781 1680 est,
826 1635 874 1670 ut
902 1629 1141 1671 nutricibus
1171 1635 1369 1670 accurate
1398 1629 1455 1670 sit
1485 1644 1605 1683 prae-

283 1684 553 1741 cipiendum,
594 1684 810 1739 quomodo
848 1684 1031 1727 infantes
1083 1699 1132 1726 ac
1171 1685 1374 1740 puerulos
1423 1690 1607 1727 tractare

283 1740 493 1794 debeant,
534 1739 880 1795 quandoquidem
920 1740 975 1782 ad
1005 1755 1171 1782 omnem
1199 1740 1330 1782 vitam
1356 1739 1482 1796 longe
1513 1741 1606 1796 plu-

282 1797 436 1838 rimum
474 1795 630 1850 refert,
669 1802 718 1838 ut
755 1796 1055 1852 intemperanti
1101 1795 1370 1851 voluptatum
1417 1796 1607 1852 cupidini

284 1859 412 1907 atque
450 1852 698 1895 arbitrariae
738 1851 921 1895 lubidini
958 1852 1042 1893 iam
1078 1858 1241 1894 mature
1278 1851 1431 1894 modus
1471 1858 1606 1894 statu-

285 1915 381 1951 atur
429 1909 500 1962 (P.
541 1909 634 1950 788.
669 1908 725 1950 D.
756 1934 811 1954 —s
841 1910 935 1950 793.
966 1909 1059 1963 A.).
1096 1932 1149 1940 -—
1228 1906 1322 1950 Sed
1362 1908 1467 1951 haec
1507 1908 1607 1951 dum

283 1966 345 2006 ita
375 1964 616 2019 sancimus,
656 1964 762 2006 illud
801 1964 1041 2006 meminisse
1079 1963 1268 2017 iuvabit,
1311 1963 1426 2018 quod
1463 1964 1607 2020 paullo

284 2027 382 2063 ante
412 2020 674 2074 dicebamus,
706 2036 798 2063 esse
827 2020 904 2062 has
934 2020 1051 2077 leges
1081 2026 1285 2077 tanquam
1316 2020 1504 2062 moribus
1532 2034 1606 2076 pa-

284 2077 377 2120 triis
415 2077 536 2119 nixas
566 2091 646 2118 nec
675 2077 828 2119 litteris
858 2077 1104 2130 mandatas,
1137 2091 1246 2131 quae
1274 2082 1415 2117 tamen
1445 2090 1524 2117 nec
1552 2077 1606 2118 si-

283 2132 417 2175 lentio
455 2132 641 2174 debeant
678 2133 914 2189 praeteriri.
983 2132 1214 2174 Enimvero
1245 2137 1344 2174 sunt
1372 2131 1477 2173 haec
1506 2132 1609 2173 talia

284 2189 478 2244 profecto
515 2195 721 2242 tanquam
759 2188 929 2231 vincula
981 2187 1188 2244 quaedam
1236 2186 1371 2230 omnis
1420 2187 1607 2230 civitatis

286 2250 481 2298 nostrae,
543 2259 653 2300 quae
697 2244 815 2301 leges
860 2245 1031 2301 publice
1078 2245 1258 2299 scriptas
1306 2242 1606 2285 scribendasve

287 2306 490 2355 tanquam
519 2301 789 2357 coniungunt
817 2301 975 2344 arctius
1004 2307 1046 2343 et
1075 2301 1225 2342 mirum
1245 2305 1452 2353 quantum
1491 2313 1606 2340 com-

287 2357 505 2410 muniunt,
557 2356 913 2412 quemadmodum
964 2357 1008 2399 in
1057 2355 1262 2399 aedificiis
1307 2354 1500 2397 videmus
1544 2354 1629 2401 ita,

285 2412 401 2465 fieri,
438 2418 488 2454 ut
530 2413 671 2455 omnia
706 2413 976 2455 stabiliantur
1013 2418 1055 2454 et
1083 2417 1373 2454 sustententur
1401 2410 1607 2452 columnis

288 2474 333 2510 et
368 2468 650 2523 fulcimentis,
688 2469 842 2524 quibus
889 2469 1040 2511 demtis
1087 2482 1136 2510 ac
1182 2467 1356 2509 remotis
1403 2473 1606 2523 protenus

289 2530 506 2567 corruunt.
566 2525 719 2580 Itaqne
736 2525 780 2567 in
811 2541 875 2579 ea,
906 2540 1032 2580 quam
1059 2537 1138 2566 nos
1168 2523 1404 2577 condimus,
1434 2523 1606 2564 civitate

288 2586 458 2636 praeter
501 2580 620 2637 leges
676 2581 819 2624 locum
877 2581 1095 2624 obtineant
1143 2594 1265 2622 suum
1311 2593 1486 2622 necesse
1542 2583 1608 2619 est

289 2636 415 2680 etiam
455 2637 812 2691 consuetudines,
843 2651 1005 2692 mores,
1042 2636 1181 2692 patria
1209 2635 1418 2689 instituta,
1450 2633 1606 2688 quibus
