1644 2886
280 121 545 170 LXXXVI,
715 122 1188 164 PROLEGOMENA

276 232 329 274 ad
342 234 722 275 conformationem
739 231 1047 273 sententiarum
1060 239 1187 286 atque
1205 231 1478 287 periodorum
1495 248 1608 275 com-

276 289 546 342 positionem.
573 288 712 339 Quam
729 287 900 341 quidem
916 287 1245 341 haudquaquam
1262 303 1401 329 errare
1415 288 1609 330 videmur

275 344 310 384 si
334 345 434 384 item
468 344 647 384 maxime
669 358 721 383 ex
751 344 950 384 universo
971 342 1141 384 dicendi
1162 359 1320 408 genere
1341 344 1384 384 in
1402 344 1469 384 his
1488 345 1608 386 libris

275 406 483 452 usurpato
515 399 674 439 rectius
700 400 950 463 veriusque.
955 399 1171 440 aestimari
1190 414 1317 464 posse
1340 400 1606 441 arbitramur.

275 455 355 495 Est
374 461 516 495 autem
537 453 640 494 illa
631 469 671 495 111
697 454 748 495 iis
770 455 975 496 sermonis
995 455 1234 509 partibus,
1224 471 1267 496 111
1288 456 1442 509 quibus
1462 455 1607 510 dispu-

274 517 392 550 tatur
421 509 646 563 subtiliuS,
678 511 805 564 longe
836 511 959 551 aliter
988 517 1236 565 comparata
1266 526 1392 566 quam
1422 511 1465 551 in
1496 511 1606 565 aliis,
1616 559 1619 562 ¹

275 566 318 604 in
361 565 516 619 quibus
557 566 696 607 oratio
737 566 883 620 paullo
925 567 1113 622 assurgit
1156 567 1296 608 altius
1367 567 1478 608 Nam
1520 566 1608 609 illic

274 622 362 661 fere
393 621 627 676 simplicior
645 628 711 662 est
730 628 944 663 structura
974 623 1290 663 enuntiatorum
1310 637 1448 676 neque
1478 622 1608 664 habet

273 675 507 730 quidquam
543 678 763 730 inusitati,
809 684 1106 732 praeterquam
1147 678 1263 732 quod
1301 693 1607 733 saepenumero

274 732 439 786 aliquid
468 733 759 788 negligentiae
790 735 942 782 refert3
976 748 1084 788 quae
1115 735 1252 788 qualis
1273 735 1342 787 sit,
1377 733 1607 788 postmodo

272 769 573 829 declarabitur.
615 788 730 831 Sed
778 789 850 830 ubi
897 790 1038 831 locum
1076 791 1206 831 habet
1255 804 1391 845 genus
1437 789 1607 831 dicendi

272 844 473 898 amplum,
504 844 744 900 copiosum,
777 860 921 900 grave,
955 852 1165 899 ornatum,
1199 846 1258 887 ibi
1280 860 1380 887 vero
1401 852 1606 901 protenus

274 900 416 940 omnia
447 900 556 940 fiunt
585 901 908 950 artificiosiora3
941 901 1010 942 hic
1042 902 1151 942 enim
1183 901 1408 956 ampliores
1439 901 1608 956 periodi

271 963 356 997 tam
395 956 562 1011 simpli(
567 971 611 997 es
649 971 774 1010 quam
816 934 1078 1011 conipositae
1120 957 1379 1007 crebriores3
1420 957 1608 998 membra

275 1011 482 1053 orationis
515 1013 804 1066 protensiora3
836 1013 1063 1054 verborum
1094 1013 1382 1054 connexiones
1413 1018 1456 1053 et
1485 1013 1607 1066 quasi

273 1067 625 1122 complicationes
667 1068 995 1122 exquisitiores,
1035 1075 1085 1109 ut
1114 1070 1241 1110 etiam
1271 1068 1437 1110 numeri
1475 1069 1607 1109 inter-

271 1122 371 1163 dum
409 1123 552 1164 nescio
602 1124 707 1176 quid
748 1124 904 1178 poetici
945 1131 1120 1173 sonent3
1168 1131 1384 1167 structura
1423 1129 1468 1165 et
1505 1139 1607 1165 con-

270 1179 433 1219 iunctio
474 1179 700 1220 verborum
746 1193 875 1234 saepe
914 1180 1063 1220 mirum
1106 1180 1149 1221 111
1191 1179 1362 1221 modum
1402 1179 1537 1221 libera
1566 1187 1608 1221 et

272 1234 495 1288 perplexa:
526 1248 630 1275 usus
662 1234 845 1289 denique
871 1236 1150 1277 oratoriarum
1170 1236 1404 1291 figurarum
1427 1236 1532 1276 mira
1561 1235 1605 1276 li-

272 1291 438 1330 bertate
466 1291 777 1344 frequentatus.
839 1291 1033 1343 Quorum
1056 1273 1228 1356 quidem
1247 1292 1434 1332 omnium
1465 1306 1606 1332 exem-

270 1345 344 1399 pla
395 1345 567 1396 afferre,
620 1361 705 1400 quo
756 1346 922 1388 facilius
971 1347 1074 1400 quid
1116 1348 1176 1388 rei
1229 1348 1285 1388 sit
1326 1347 1604 1402 intelligatur,

271 1415 403 1455 prope
442 1401 654 1442 infinitum
710 1408 775 1442 est
815 1416 892 1443 nec
932 1418 1033 1443 vero
1074 1404 1374 1444 necessarium.
1443 1403 1607 1443 Extant

271 1457 380 1497 enim
421 1456 507 1497 fere
546 1457 874 1498 innumerabilia
912 1466 1096 1512 suntque
1139 1474 1188 1500 ea
1219 1459 1345 1499 etiam
1377 1458 1443 1499 vel
1473 1459 1516 1499 in
1540 1459 1604 1499 111-

271 1511 439 1552 dicibus
470 1515 627 1554 nostris
661 1513 790 1554 variis
821 1514 926 1555 locis
947 1515 1217 1569 consignata
1275 1514 1435 1555 Valent
1465 1520 1605 1555 autem

273 1568 353 1609 ista
372 1569 514 1609 omnia
543 1570 738 1624 profecto
778 1570 1006 1623 plurimum
1039 1570 1103 1610 vel
1133 1570 1186 1610 ad
1208 1569 1447 1625 augendam
1467 1570 1604 1611 dicto-

271 1639 361 1664 rum
395 1624 477 1664 vim
509 1631 552 1665 et
582 1625 850 1677 rravitatem,
873 1625 939 1666 vel
970 1625 1023 1665 ad
1055 1627 1139 1666 vim
1169 1626 1443 1667 sublimitatis
1474 1632 1605 1680 atque

269 1680 494 1731 ⁴gravitatis
543 1680 827 1721 adiuvandam
879 1681 1237 1735 efficiendamque
1277 1681 1603 1723 sensibiliorem.

271 1735 339 1775 Ex
375 1750 460 1788 quo
496 1736 690 1790 profecto
734 1736 915 1791 intelligi
958 1736 1109 1788 dehet,
1151 1752 1278 1791 quam
1307 1737 1526 1792 eleganter
1555 1752 1605 1779 ac

271 1798 449 1835 venuste
487 1793 671 1846 scriptor
700 1792 825 1832 etiam
856 1792 898 1832 in
926 1793 1236 1834 sententiarum
1267 1793 1605 1834 conformatione

272 1845 631 1900 periodorumque
683 1853 900 1889 structura
945 1854 1140 1888 versatus
1193 1848 1259 1890 sit.
1336 1848 1500 1889 Verum
1550 1849 1604 1889 ad

271 1902 375 1943 haec
415 1902 582 1944 accedit
620 1903 749 1944 etiam
792 1902 908 1943 aliud
938 1902 1063 1957 quid,
1118 1903 1234 1957 quod
1277 1918 1373 1945 cum
1422 1910 1603 1958 utraque

270 1958 456 2009 ratione,
491 1973 618 2011 quam
663 1958 996 2013 descripsimus,
1054 1960 1139 2000 fere
1189 1960 1464 2001 coniunctum
1525 1966 1602 2002 est.

273 2014 442 2068 Regnat
476 2015 586 2054 enim
626 2029 703 2069 per
741 2029 906 2055 omnem
937 2015 1151 2056 variorum
1182 2029 1422 2056 sermonum
1453 2014 1613 2063 decur-‚

271 2083 365 2109 sum
406 2070 532 2110 etiam
583 2069 792 2124 quaedam
836 2071 1046 2111 orationis
1086 2064 1370 2126 negligentia,
1421 2085 1505 2124 qua
1542 2071 1604 2112 ita

270 2124 334 2176 fit,
368 2133 416 2164 ut
445 2140 572 2179 saepe
602 2132 888 2167 commutetur
918 2131 1156 2167 structurae
1186 2127 1317 2177 ratio,
1349 2138 1397 2166 ut
1424 2125 1508 2167 alia
1537 2141 1602 2167 re-

271 2155 488 2242 duixdent,
530 2180 613 2221 alia
656 2180 807 2222 deesse
837 2181 1088 2234 videantur,
1132 2182 1214 2222 alia
1251 2182 1364 2221 inter
1392 2181 1487 2235 ipsa
1516 2196 1601 2223 non

270 2235 374 2276 satis
422 2235 734 2290 respondeant,
782 2236 864 2277 alia
903 2237 965 2278 sic
1001 2237 1297 2290 enuntientur,
1338 2243 1386 2277 ut
1423 2237 1476 2278 ab
1516 2252 1601 2278 uno

270 2305 453 2344 genere,
486 2291 638 2343 modo,
678 2291 830 2347 gradu,
843 2307 1062 2345 -,numero
1094 2306 1195 2333 casu
1236 2298 1278 2333 et
1316 2298 1505 2347 tempore
1546 2292 1602 2333 ad

270 2325 390 2386 aliud
432 2347 722 2400 transiliatur,
763 2354 811 2388 ut
854 2347 1037 2402 denique
1083 2348 1203 2402 larga
1250 2347 1599 2412 hyperbatorum,

270 2402 581 2455 traiectionum,
613 2403 1009 2456 commutationum,
1039 2403 1503 2467 inconsequentiarum,
1535 2404 1601 2445 vis

270 2463 401 2511 atque
440 2459 563 2513 copia
601 2459 741 2500 locum
771 2459 939 2500 habeat.
999 2458 1129 2522 Quod
1160 2458 1331 2512 quidem
1363 2458 1436 2511 qui
1465 2459 1599 2500 conti-

271 2527 357 2554 nuo
398 2513 764 2569 reprehenderunt
799 2515 867 2555 vel
908 2520 956 2555 ut
995 2514 1133 2555 minus
1174 2514 1442 2555 Platonicum
1478 2520 1599 2556 nota-

272 2574 385 2620 runt,
422 2569 450 2610 ii
486 2569 690 2612 iudicium
729 2584 855 2611 suum
884 2570 1033 2624 utique
1062 2569 1423 2611 inconsideratius
1454 2570 1598 2624 paullo

273 2625 623 2678 praecipitavisse
670 2625 939 2667 existimandi
998 2632 1110 2666 sunt.
1190 2625 1438 2680 Exegerunt
1488 2625 1598 2666 enim
