1644 2886
259 128 283 166 4
695 123 1146 167 ARGUMENTUM

259 237 348 279 suis
380 236 580 288 adiuvet,
625 233 836 288 siquidem
865 233 963 275 talis
993 234 1058 276 vir
1085 234 1219 276 instar
1250 235 1478 278 multorum
1508 238 1580 290 sit,

260 293 333 347 qui
362 292 564 333 iustitiam
594 295 804 330 tueantur.
863 289 1057 331 Eandem
1084 291 1291 333 rationem
1321 291 1448 334 etiam
1476 298 1581 334 tem-

259 348 503 404 perantiae,
543 344 818 399 prudentiae,
872 352 1193 401 ceterarumque
1245 347 1448 389 virtutum
1490 363 1581 390 esse

261 404 512 454 arbitratur,
545 416 649 455 quas
680 401 751 456 qui
777 415 872 442 cum
903 401 996 443 aliis
1016 403 1137 456 quasi
1158 404 1457 457 communicet,
1489 419 1583 445 eum

260 459 506 513 longissime
544 463 691 499 censet
735 457 1076 513 anteponendum
1122 474 1215 501 esse
1258 459 1342 512 illi,
1393 460 1466 514 qui
1513 475 1583 502 eas

291 530 338 555 ro
376 529 422 564 se.
459 513 659 568 privatim
706 513 843 566 colat,
899 529 1155 568 quamquam
1183 530 1263 557 nec
1293 515 1406 558 hunc
1438 516 1585 557 debita

260 531 388 618 laude
426 568 694 624 spoliandum
741 584 834 610 esse
889 570 1115 612 existimat.
1207 570 1393 613 Omnino
1442 579 1584 613 autem

262 626 377 667 cives
417 626 647 667 arbitratur
682 625 743 666 ita
773 624 949 667 affectos
980 641 1073 668 esse
1102 634 1322 682 oportere,
1352 633 1400 668 ut
1430 629 1584 683 quibus

262 682 386 724 bonis
425 696 474 723 ac
514 681 742 723 virtutibus
781 681 866 736 ipsi
901 683 988 723 sint
1024 683 1232 737 praediti,
1273 683 1426 725 iisdem
1458 685 1584 725 etiam

262 738 369 780 alios
408 737 584 792 cupiant
622 751 718 779 esse
758 736 991 792 praeditos,
1026 753 1163 792 neque
1194 739 1358 780 invidia
1389 755 1438 780 ea
1466 741 1510 787 in
1540 754 1585 780 re

262 794 348 836 ulla
378 793 613 843 ducantur3
654 808 800 835 omnes
837 794 948 834 enim
976 801 1179 848 tanquam
1209 795 1437 836 certamine
1481 811 1586 850 quo-

262 850 361 892 dam
402 850 599 891 instituto
640 848 694 890 ad
742 863 868 903 quam
916 851 1138 891 maximam
1197 851 1365 893 virtutis
1418 851 1586 892 laudem

262 905 524 948 contendere
574 904 705 959 idque
754 905 844 947 sine
882 905 1043 947 invidia
1080 907 1220 948 facere
1267 907 1490 962 plurimum
1532 905 1587 948 ad

263 962 524 1019 reipublicae
556 961 739 1003 salutem
767 961 986 1004 interesse.
1048 963 1277 1004 Praeterea
1305 978 1584 1017 unumquem-

264 1033 346 1074 que
376 1023 523 1060 censet
551 1024 595 1059 et
631 1016 877 1059 iracundiae
907 1027 950 1059 et
977 1017 1164 1060 lenitatis
1204 1019 1455 1074 participem
1494 1033 1586 1060 esse

263 1080 484 1131 oportere,
525 1072 874 1127 quandoquidem
914 1088 1120 1128 generosa
1153 1074 1446 1130 indignatione
1478 1089 1586 1130 opus

264 1131 322 1172 sit
351 1129 406 1171 ad
435 1128 730 1184 castigandam
768 1128 985 1171 hominum
1016 1129 1255 1171 insolenter
1286 1131 1588 1172 iniuriosorum

263 1185 649 1241 importunitatem3
700 1185 875 1226 lenitate
928 1198 1069 1227 autem
1122 1186 1403 1241 indigeamus,
1452 1186 1588 1228 sicubi

262 1242 448 1284 iniuriae
476 1241 610 1282 veluti
640 1241 854 1282 sanabiles
881 1241 1005 1283 nobis
1035 1241 1180 1283 illatae
1212 1243 1318 1293 sint3
1357 1241 1434 1284 has
1475 1241 1587 1283 enim

264 1298 431 1340 admitti
469 1297 556 1338 fere
596 1312 674 1352 per
709 1297 1062 1352 imprudentiam,
1105 1298 1451 1352 quandoquidem
1479 1298 1588 1338 iniu-

265 1361 357 1397 stus
387 1353 523 1396 omnis
561 1353 720 1395 invitus
765 1352 1094 1408 imprudensque
1132 1361 1305 1408 peccet,
1351 1359 1400 1395 ut
1446 1354 1590 1409 potius

265 1408 557 1469 misericqrdia
585 1424 712 1464 quam
740 1408 804 1449 ira
833 1408 988 1465 dignus
1018 1408 1237 1463 videatur,
1270 1410 1470 1464 quoniam
1501 1424 1589 1450 ma-

265 1467 378 1508 ximo
409 1465 538 1506 animi
569 1465 678 1506 malo
706 1465 884 1506 laboret.
915 1490 968 1495 —-
1023 1465 1156 1507 Porro
1181 1466 1354 1507 nimium
1384 1466 1450 1507 sui
1475 1480 1590 1506 amo-

266 1537 382 1576 rem,
421 1527 571 1576 utpote
609 1521 771 1562 fontem
801 1525 844 1562 et
873 1521 1129 1577 principium
1157 1521 1499 1577 turpissimorum
1527 1521 1591 1562 vi-

267 1579 440 1631 tiorum,
470 1577 675 1619 refrenari
703 1577 826 1618 iubet
857 1577 1179 1631 quammaxime.
1239 1579 1323 1619 Per
1351 1593 1444 1619 eum
1479 1577 1589 1618 enim

268 1635 350 1676 hoc
378 1633 494 1675 effici
523 1633 771 1686 arbitratur,
799 1638 849 1674 ut
878 1633 1069 1675 confusis
1100 1633 1201 1675 boni
1232 1640 1276 1674 et
1299 1633 1468 1675 honesti
1495 1632 1589 1674 fini-

267 1691 364 1744 bus,
387 1689 745 1744 magnificentius,
777 1704 904 1743 quam
922 1704 999 1744 par
1020 1689 1090 1740 sit,
1123 1688 1175 1730 de
1196 1689 1318 1730 nobis
1348 1689 1590 1743 nostrisque

267 1747 398 1788 rebus
441 1745 697 1797 sentiamus,
754 1751 883 1798 atque
920 1743 1027 1785 adeo
1064 1744 1352 1799 ignorantiam
1399 1752 1590 1786 nostram

267 1817 348 1857 pro
386 1800 595 1857 sapientia
633 1799 914 1841 venditemus.
980 1800 1122 1841 Etiam
1163 1800 1214 1841 de
1257 1801 1384 1842 rebus
1415 1800 1590 1854 quibus-

269 1858 368 1899 dam
396 1856 645 1913 vulgaribus
667 1870 753 1897 non
781 1856 932 1897 inutile
962 1862 1108 1898 censet
1137 1855 1370 1897 identidem
1400 1854 1591 1897 admoni-

269 1914 408 1956 tiones
449 1911 655 1967 quasdam
691 1912 922 1967 impertiri,
970 1912 1103 1954 veluti
1148 1912 1448 1962 abstinendum
1497 1925 1592 1952 esse

268 1968 547 2012 immoderato
576 1968 665 2010 risu
693 1968 908 2023 nimioque
947 1967 1052 2010 fletu
1093 1975 1136 2009 et
1164 1968 1310 2024 gaudii
1339 1968 1500 2023 pariter
1528 1973 1590 2007 at-

271 2041 356 2081 que
403 2024 563 2067 doloris
622 2024 951 2080 intemperantia
1001 2024 1133 2066 vitata
1184 2023 1383 2066 decorum
1428 2022 1590 2065 servari

271 2087 482 2138 oportere.
550 2080 753 2134 Denique
790 2080 835 2122 in
882 2080 1010 2122 rebus
1054 2079 1246 2122 adversis
1292 2084 1438 2121 monet
1484 2078 1591 2119 illud

271 2152 440 2193 semper
483 2136 661 2177 firmiter
698 2151 792 2178 esse
830 2136 981 2177 animis
1012 2135 1304 2188 retinendum,
1347 2136 1484 2177 virum
1515 2134 1591 2176 bo-

271 2208 374 2236 num
412 2208 438 2234 a
468 2192 564 2234 Deo
605 2207 690 2233 non
729 2191 867 2236 deseri
897 2207 1035 2247 neque
1063 2193 1231 2234 virtutis
1260 2206 1362 2233 suae
1392 2190 1590 2246 praemiis

270 2263 460 2304 unquam
499 2246 700 2303 spoliari3
729 2248 873 2302 itaque
900 2249 1014 2290 bona
1043 2263 1139 2290 cum
1168 2262 1188 2288 s
1222 2262 1243 2288 e
1273 2254 1404 2302 atque
1433 2246 1592 2288 fiducia

273 2305 419 2348 auxilii
457 2303 591 2346 divini
628 2304 715 2345 vivi
753 2310 972 2360 oportere,
1014 2303 1069 2346 ad
1097 2263 1359 2359 eand'emque
1389 2302 1590 2345 fiduciam

273 2361 397 2404 etiam
426 2360 604 2402 aliorum
620 2359 786 2402 animos
809 2360 1034 2416 erigendos
1063 2374 1159 2401 esse
1180 2360 1220 2411 ²²)
1251 2360 1313 2415 (p.
1345 2361 1438 2402 730.
1470 2360 1591 2400 A.—-

275 2419 368 2461 732.
398 2416 488 2470 D.).
520 2440 573 2446 --
631 2417 778 2470 Atque
814 2416 922 2459 haec
950 2415 1119 2471 quidem
1148 2415 1426 2458 Atheniensis
1457 2414 1510 2456 de
1540 2428 1590 2455 ea

320 2652 352 2691 ³⁸)
378 2651 479 2684 Conf.
507 2653 587 2685 Cic.
612 2652 719 2692 Legg.
746 2652 788 2683 ΙΙ.
815 2663 842 2683 c.
870 2653 902 2685 7.
