1644 2886
251 127 450 169 hxvln
677 119 1156 165 PROIAEGOMENA

249 252 274 278 o
306 236 408 278 time
445 235 702 286 convenire,
743 232 820 275 scd
858 232 986 275 etiam
1026 248 1102 290 per
1143 247 1189 275 se
1228 239 1422 290 spectata
1478 234 1584 275 vitio

248 252 383 333 libera
423 306 518 334 esse
558 289 724 332 censeri
763 287 963 331 debeant.
1031 288 1123 332 Sed
1163 288 1384 332 videamus
1414 289 1468 331 de
1499 289 1585 332 sin-

248 347 390 403 gulis,
430 353 474 389 et
504 360 614 400 quae
644 344 702 386 sit
732 358 879 387 eorum
922 344 1183 399 explicatio,
1224 345 1467 388 accuratius
1522 344 1587 386 di-

248 402 493 458 spiciamus.
551 400 708 454 Itaque
736 401 919 456 primum
947 399 1174 443 offensioni
1206 401 1289 442 fuit
1315 401 1437 455 illud,
1470 399 1587 455 quod

250 458 369 500 Libr.
411 457 490 498 VI.
531 472 574 513 p.
614 458 710 498 751.
750 457 806 498 D.
851 456 1107 509 ἀγνῶτες
1143 454 1391 508 ἀλλήλων
1429 456 1588 498 dicitur

247 513 412 565 active,
457 518 504 553 ut
543 512 619 554 sit:
696 512 750 553 ui
791 526 846 554 se
885 512 1132 554 invicem
1175 527 1279 553 non
1308 513 1586 554 noverint.

248 569 384 622 Atqui
427 567 607 610 eandem
691 567 890 610 ictionem
930 567 1089 610 habent
1128 566 1439 624 Sophocles
1475 567 1586 610 Oed.

248 624 350 680 Tyr.
392 638 432 665 v.
477 626 574 666 627.
613 623 680 664 ed.
723 623 797 664 Br.
847 626 928 666 σοῦ
975 626 1056 677 μὲν
1093 621 1233 678 τυχών
1268 623 1488 677 ἀγνῶτος,
1534 630 1588 665 te

248 685 445 721 nactus
474 694 620 733 eum,
652 679 746 734 qui
783 693 858 721 me
896 695 1001 721 non
1042 680 1287 722 noveris.
1347 679 1587 734 Thucyd.

248 734 332 778 111.
370 736 436 777 53.
467 736 504 789 ξ.
534 739 574 778 4.
604 734 794 787 ἀγνῶτες
821 737 901 789 μὲν
939 733 1021 789 γὰρ
1053 733 1177 784 ὄντες
1204 733 1414 786 ἀλλήλων.
1471 734 1587 776 Xe-

248 790 406 847 noph..
438 789 603 834 oecon.
631 792 703 845 20,
739 794 802 834 13.
861 791 1088 833 Lucian.
1118 791 1187 832 De
1221 791 1303 832 dea
1322 790 1420 847 Syr.
1451 804 1488 833 c.
1523 792 1586 833 13.

248 854 296 888 ut
343 846 450 889 alios
502 853 751 900 taceamus,
804 860 987 901 quorum
1033 847 1174 888 minor
1222 853 1291 889 est
1338 846 1587 888 auctoritas.

248 901 468 956 Quocirca
505 901 717 957 liquidum
763 909 830 944 est
878 903 990 944 hanc
1030 902 1236 957 loquendi
1275 903 1486 944 rationem
1535 902 1590 943 ab

246 958 509 1014 optimorum
552 958 811 1014 scriptorum
851 972 933 1000 usu
972 973 1026 1000 ne
1056 958 1270 1000 tantillum
1300 957 1471 1013 quidem
1503 957 1589 1000 dis·

246 1028 440 1069 crepare,
469 1014 733 1068 mirificeque
766 1014 898 1056 falsos
920 1028 1015 1056 esse
1043 1029 1118 1057 eos
1149 1029 1312 1067 omnes,
1345 1014 1419 1069 qui
1450 1011 1593 1067 ἀγνώς

246 1084 416 1126 semper
453 1076 716 1126 putaverunt
752 1071 926 1125 passive
956 1069 1120 1112 dictum
1148 1070 1396 1125 significare
1426 1070 1519 1124 ign
1535 1084 1591 1111 o-

245 1131 366 1167 tum.
428 1126 564 1168 Porro
602 1124 844 1167 molestiam
890 1126 1053 1168 creavit
1082 1125 1201 1180 quod
1229 1126 1351 1168 Libr.
1384 1125 1516 1167 VIII.
1547 1140 1590 1180 p.

246 1182 342 1223 841.
391 1180 449 1222 Ι).
507 1179 684 1230 ἄθυτος
734 1180 904 1224 dicatur
965 1196 1016 1223 ea
1065 1182 1109 1223 vi
1158 1187 1202 1224 et
1242 1187 1487 1246 potestate,
1543 1186 1592 1222 ut

246 1236 323 1279 sit:
373 1236 700 1279 sacrificiis
737 1252 840 1279 non
880 1243 1167 1292 sacratus,
1208 1237 1369 1279 nlcht
1418 1234 1591 1278 durch

247 1292 425 1348 Opfer
463 1291 791 1348 geheiliget.
862 1293 1000 1348 Atqui
1038 1308 1135 1335 eum
1176 1307 1300 1335 usum
1340 1292 1592 1347 neutiquam

246 1362 344 1390 esse
371 1349 438 1390 sin
474 1348 635 1390 ularem
665 1354 741 1390 aut
758 1363 785 1390 a
802 1347 1055 1391 Graecitate
1076 1348 1393 1402 abhorrentem,
1423 1346 1592 1403 liquido

246 1402 409 1446 docent
493 1403 747 1446 rammatici.
819 1403 989 1447 Audias
1021 1405 1132 1447 enim
1162 1404 1393 1447 Suidam
1421 1420 1463 1461 p.
1498 1405 1591 1447 146.

248 1457 316 1502 ed.
346 1459 507 1502 Bernh.
540 1457 782 1510 ’Ἀθυτος
814 1458 918 1503 ἄνευ
959 1461 1145 1503 θυσιῶν.
1176 1463 1250 1503 καὶ
1279 1458 1423 1515 γήμας
1449 1455 1592 1502 ἀθύ-

246 1531 379 1564 τους
416 1531 460 1558 τε
500 1517 573 1558 καὶ
611 1513 812 1570 ἀγάμους
839 1515 1058 1570 γάμους
1086 1532 1125 1559 κ.
1158 1532 1198 1560 τ.
1225 1518 1263 1559 λ.
1305 1514 1422 1571 quod
1451 1529 1593 1557 exem-

247 1571 394 1626 plum,
434 1571 564 1614 sicuti
604 1585 657 1613 ex
696 1587 737 1627 p.
789 1573 908 1614 1302.
950 1572 1032 1615 sub
1073 1573 1322 1624 Διαξαίνειν
1357 1578 1499 1628 patet,
1540 1585 1592 1612 ex

245 1627 492 1670 Aeliano
530 1626 585 1669 de
636 1626 915 1670 Providentia
961 1627 1232 1685 depromtum
1282 1632 1371 1671 est:
1418 1626 1592 1669 Ἐδεῦτο

244 1685 327 1737 μὲν
367 1686 410 1726 οἱ
449 1683 499 1725 τὸ
541 1683 670 1737 σῶμα
710 1686 1008 1740 κρεωφαγίας,
1046 1682 1270 1725 ἀθύτου
1312 1684 1359 1725 δὲ
1389 1682 1470 1726 οὐκ
1498 1681 1593 1733 ἠνέ-

246 1753 372 1784 σγετο
404 1739 692 1792 μεταλαβεῖν,
725 1753 836 1794 quae
864 1739 999 1782 verba
1036 1739 1336 1781 Damascio
1366 1737 1592 1781 debentur.

246 1793 311 1837 Ut
346 1793 479 1851 igitur
517 1794 654 1837 rarior
692 1795 751 1837 sit
787 1794 896 1838 haec
931 1795 1130 1850 loquutio
1146 1825 1160 1848 ,
1200 1801 1345 1837 tamen
1383 1793 1593 1849 suspicari

244 1848 374 1904 licet,
419 1864 512 1892 eam
552 1850 597 1892 in
635 1849 711 1892 illa
749 1850 847 1906 ipsa
884 1866 958 1905 re,
998 1850 1052 1893 de
1090 1865 1176 1905 qua
1212 1851 1257 1892 in
1295 1850 1393 1892 loco
1424 1850 1592 1906 Legum

244 1905 416 1962 agitur,
457 1906 591 1951 fuisse
621 1905 885 1948 sollemnem.
946 1906 1188 1962 Suspectus
1218 1920 1348 1962 porro
1379 1904 1497 1947 visus
1528 1911 1594 1947 est

245 1975 351 2004 usus
392 1975 487 2004 voc.
526 1959 795 2019 ἄμορφος
823 1962 946 2004 Libr.
978 1961 1062 2005 IX.
1091 1977 1134 2017 p.
1166 1963 1262 2004 855.
1292 1961 1343 2004 C.
1375 1961 1449 2003 ubi
1482 1961 1593 2002 inter

244 2031 411 2073 poenas
450 2023 741 2060 memorantur
778 2016 1040 2075 ἄμορφοι
1079 2019 1240 2075 ἕδραι
1275 2014 1305 2069 ἢ
1341 2016 1591 2065 στάσειςε

243 2078 288 2114 et
330 2072 450 2115 Libr.
495 2072 605 2115 XII.
646 2089 687 2130 p.
729 2074 825 2115 960.
856 2074 912 2116 Α.
954 2074 1029 2117 ubi
1062 2071 1268 2127 δακρύειν
1300 2070 1380 2114 τὸν
1408 2073 1590 2115 τετελευ-

244 2127 413 2179 τηκότα
442 2127 685 2172 ἐπιτάττειν
714 2126 742 2179 ἢ
769 2127 845 2183 μή,
885 2130 1085 2172 iubere
1123 2129 1440 2172 defunctum
1468 2128 1590 2184 plo-

244 2183 358 2226 rari
396 2183 488 2226 vel
527 2199 632 2226 non
670 2184 915 2240 plorari,
954 2184 1166 2242 ἄμορφον
1205 2184 1377 2227 dicitur.
1435 2185 1498 2226 At
1526 2183 1590 2225 ni·

244 2239 398 2282 mirum
437 2245 621 2294 utroque
661 2240 759 2282 loco
797 2238 1010 2298 ἄμορφον
1046 2255 1124 2297 per
1159 2243 1340 2294 μείωσιν
1373 2238 1588 2294 quandam

243 2301 427 2338 vocatur
463 2301 627 2353 turpe
669 2310 729 2338 ac
776 2295 1025 2352 foedum,
1080 2295 1442 2352 quemadmodum
1485 2295 1591 2337 alias

242 2351 334 2395 ἀνω
375 2353 468 2401 ελές
496 2356 541 2394 et
569 2349 790 2408 ἄχρηστον
820 2351 1167 2406 damnosum,
1197 2352 1463 2404 ἀκερὸαλὲον
1491 2351 1520 2392 i.
1547 2365 1588 2405 q.
1643 2406 1644 2409 Ἴ

242 2409 330 2459 βλα
361 2405 490 2463 ερόν,
536 2405 741 2461 οὐδαμῶς
776 2411 1022 2465 προσφιλές
1069 2407 1402 2451 execrabile
1457 2406 1590 2463 signi-

243 2463 373 2518 ficat,
416 2462 471 2506 de
511 2477 597 2518 qua
634 2477 681 2506 re
721 2479 761 2505 v.
799 2470 949 2507 nostra
988 2463 1045 2506 ad
1074 2464 1304 2520 Protagor.
1334 2478 1373 2520 p.
1406 2462 1505 2507 334.
1534 2462 1591 2504 A.
1640 2518 1641 2521 Ἴ

243 2517 465 2572 Quocirca
503 2519 633 2561 etiam
669 2518 1020 2563 Plutarchus
1058 2518 1236 2563 Consol.
1277 2517 1347 2562 ad.
1387 2532 1509 2561 uxor.
1538 2517 1590 2560 T.
1640 2546 1644 2555 „

242 2573 305 2616 ΙΙ.
345 2589 388 2631 p.
432 2575 529 2617 690.
570 2575 623 2617 Β.
663 2573 901 2632 ἀμόρφους
938 2577 1144 2624 καθίσεις
1190 2573 1301 2617 dixit
1352 2573 1591 2628 eodemque
1638 2594 1639 2600 κ

244 2629 372 2672 modo
402 2630 574 2674 locutus
605 2636 673 2675 est
702 2630 829 2675 etiam
861 2631 920 2673 11.
960 2646 1000 2687 p.
1035 2633 1127 2674 145.
1172 2630 1222 2672 O.
1279 2630 1373 2672 158.
1405 2628 1462 2670 D.
1493 2629 1588 2671 205.
1637 2633 1641 2665 l
