1592 2872
484 77 567 120 1)ss
601 74 880 119 LEGIBUS
913 81 992 116 etc.
1310 73 1399 114 XV

49 194 169 237 tandi
199 193 421 247 negotium
450 207 502 234 ea
531 192 714 244 ratione,
744 198 794 232 ut
822 196 1028 244 tanquam
1056 187 1237 230 fortuito
1270 202 1401 230 cursu

49 252 135 294 huc
175 258 220 293 et
256 250 360 292 illuc
405 250 590 303 feratur,
642 248 926 304 legentesque
975 243 1095 286 dubii
1149 251 1194 287 et
1241 246 1399 287 incerti

50 314 274 361 maneant,
315 321 520 362 quorsum
561 319 630 347 res
681 305 867 358 denique
910 317 1093 345 evasura
1129 303 1196 346 sit.
1266 301 1400 356 Quod

50 364 223 421 quidem
253 380 303 407 eo
334 363 472 420 magis
501 363 564 404 ita
592 362 764 405 eveniat
781 373 961 402 necesse
992 366 1074 414 est,
1105 374 1192 415 quo
1220 358 1423 412 liberius,

50 421 236 465 subinde
275 427 458 478 vagatur
494 420 656 472 oratio,
699 425 748 460 ut
789 417 902 459 adeo
940 417 1068 474 plane
1107 432 1134 459 a
1169 418 1400 473 proposito

51 480 252 522 aberrare
300 477 511 521 videatur.
579 476 733 530 Itaque
785 490 940 517 cursus
991 473 1320 530 disputationis·
1349 490 1400 517 ac

53 537 185 579 veluti
224 537 307 578 iter
348 534 503 578 callide
557 532 826 586 occultatur,
856 532 920 573 ita
948 538 1023 584 ut,
1057 532 1131 586 qui
1161 532 1275 574 viam
1307 533 1401 575 eius

53 595 193 636 minus
245 592 478 649 diligenter
524 589 929 642 animadverterint,
975 588 1006 630 ii
1056 588 1183 631 facile
1230 604 1400 632 omnem

53 652 145 692 eius
175 649 369 692 ordinem
400 648 696 702 rationemque
727 645 992 698 desiderent,
1025 646 1132 700 quin
1161 646 1292 688 etiam
1313 662 1402 688 am-

54 708 201 764 bigere
241 705 474 762 incipiant,
517 703 624 759 quid
665 703 842 746 tandem
880 702 990 744 illud
1019 703 1097 758 sit,
1127 701 1182 744 de
1213 719 1300 759 quo
1329 719 1402 746 su-

52 770 203 820 scepta
240 763 298 805 sit
337 762 604 819 disputatio,
649 761 813 818 quippe
851 776 986 816 quum
1021 766 1067 802 et
1094 760 1240 817 plures
1270 776 1403 816 quae·

52 821 216 863 stiones
232 820 359 863 simul
391 820 610 876 agitentur
627 825 672 861 et
702 818 1010 874 disputationis
1033 832 1186 860 cursus
1206 818 1309 868 ferri
1335 818 1403 860 in—

51 877 210 920 solenti
244 877 444 920 libertate
473 875 699 918 ‘videatun
766 874 919 918 Veluti
947 875 993 916 in
1022 875 1144 917 libris
1174 874 1228 918 de
1258 874 1404 932 Repu-

53 935 166 977 blica
196 950 221 976 a
248 934 397 977 multis
424 948 686 990 magnopere
723 932 971 975 dubitatum
1001 938 1082 986 est,
1114 939 1404 988 quaeraturne

56 992 331 1049 potissimum
379 990 434 1033 de
488 990 656 1033 iustitia
703 997 747 1033 et
793 990 989 1047 perfecta
1040 990 1201 1032 virtute
1252 1005 1308 1032 an
1349 990 1404 1032 de

54 1050 217 1106 optima
255 1049 455 1100 civitate3
494 1054 628 1103 atque
665 1047 819 1090 similis
857 1053 927 1090 est
962 1048 1074 1089 ratio
1105 1049 1233 1090 etiam
1263 1047 1404 1090 Phae-

54 1106 144 1161 dri,
186 1105 434 1164 Symposii,
485 1105 669 1147 aliorum
710 1104 998 1162 dialogorum.
1074 1105 1242 1148 Verum
1290 1105 1405 1147 enim

55 1178 157 1206 vero
196 1161 558 1218 quemadmodum
599 1164 730 1218 poeta
767 1162 968 1205 scenicus
1009 1161 1205 1205 diversas
1232 1162 1406 1205 fabulae

56 1235 185 1273 suae,
225 1235 355 1275 quam
394 1219 569 1274 quidem
624 1235 677 1261 ex
735 1219 840 1262 artis
878 1219 1048 1276 legibus
1097 1220 1405 1277 composuerit,

56 1283 226 1333 partes,
267 1276 464 1332 quamvis
503 1276 642 1333 primo
681 1275 893 1332 adspectu
937 1276 1042 1319 mire
1090 1276 1405 1333 discrepantes,

54 1345 199 1377 tamen
237 1332 425 1388 denique
461 1333 714 1390 apte-inter
749 1333 868 1389 ipsas
912 1334 1093 1390 copulat
1133 1340 1265 1390 atque
1302 1349 1406 1377 con-

53 1390 211 1448 iungit,
240 1390 304 1432 ita
331 1396 382 1432 ut
405 1396 626 1447 postremo
659 1391 804 1432 omnia
831 1400 964 1445 atque
983 1391 1157 1448 singula
1186 1390 1242 1433 ad
1271 1407 1406 1434 unum

55 1447 326 1503 eundemque
373 1446 505 1490 finem
552 1446 818 1490 contendere
872 1447 1087 1504 planeque
1140 1449 1254 1491 inter
1309 1464 1406 1492 sese

55 1506 288 1548 convenire
319 1511 561 1561 appareat,
611 1505 674 1547 ita
712 1505 842 1547 etiam
882 1506 1008 1548 Plato
1057 1521 1170 1561 quae
1220 1507 1408 1549 maxima

57 1562 264 1604 varietate
294 1561 623 1619 distinguuntur
654 1568 784 1617 atque
822 1562 932 1605 adeo
962 1564 1081 1605 omni
1115 1562 1281 1607 ordinis
1311 1564 1409 1621 lege

56 1626 99 1661 et
134 1619 301 1662 ratione
344 1618 549 1662 videntur
576 1634 673 1662 esse
703 1619 938 1675 destituta,
978 1627 1067 1662 tam
1096 1621 1205 1673 scite
1234 1621 1408 1678 elegan-

56 1684 209 1732 terque
243 1676 359 1719 inter
398 1676 497 1732 ipsa
533 1678 798 1734 coniungere
829 1684 873 1719 et
902 1677 1138 1721 conciliare
1169 1678 1311 1732 solet,
1343 1686 1407 1732 ut,

58 1733 130 1776 ubi
166 1733 294 1776 lectis
332 1732 388 1775 ad
426 1733 558 1776 finem
605 1749 745 1789 usque
785 1735 878 1777 eius
921 1736 1196 1778 sermonibus
1235 1737 1303 1779 sin
1337 1736 1410 1778 ula

56 1790 302 1833 accuratius
339 1791 520 1834 rimatus
548 1791 698 1845 fueris,
736 1791 1021 1835 mirabundus
1052 1793 1230 1835 tandem
1258 1794 1303 1837 vi
1336 1808 1411 1837 cas

57 1854 103 1890 et
144 1846 463 1890 animadvertas
493 1848 600 1890 nihil
630 1863 816 1903 usquam
845 1850 1052 1906 reperiri,
1085 1850 1204 1905 quod
1233 1866 1323 1893 non
1354 1850 1411 1893 ad

60 1918 193 1945 unum
223 1917 409 1958 eumque
438 1919 651 1947 summum
682 1914 814 1961 atque
843 1907 1043 1949 ultimum
1072 1907 1205 1949 finem
1239 1908 1411 1964 sapien·

60 1959 226 2003 tissime
255 1963 590 2016 attemperatum
619 1962 678 2004 sit
705 1968 749 2004 et
772 1963 992 2005 communi
1023 1963 1411 2019 quodamvinculo

61 2032 158 2060 cum
218 2017 422 2064 universo
489 2017 800 2073 disputationis
867 2034 1052 2077 corpore
1123 2022 1410 2064 contineatur.

61 2073 292 2117 Enimvero
327 2073 526 2117 diversae
564 2075 687 2129 illae,
729 2090 844 2131 quae
874 2076 1101 2132 videntur,
1133 2079 1410 2134 quaestiones

61 2130 312 2186 neutiquam
327 2131 548 2175 seiunctae
577 2147 603 2174 a
631 2147 679 2176 se
707 2133 891 2176 invicem
921 2146 998 2178 aut
1026 2135 1156 2191 plane
1186 2142 1412 2194 separatae

63 2187 204 2231 solent
233 2202 344 2242 esse,
376 2188 454 2231 sed
490 2189 638 2244 potius
670 2190 732 2232 ita
761 2198 1054 2247 comparatae,
1085 2198 1135 2235 ut
1163 2208 1251 2236 non
1281 2192 1412 2237 modo

63 2250 255 2287 mutuam
295 2245 379 2288 sibi
409 2246 596 2289 invicem
626 2246 765 2290 lucem
795 2247 1046 2304 affundant,
1077 2249 1157 2293 sed
1186 2251 1316 2294 etiam
1346 2252 1412 2294 in-

63 2301 308 2345 dissolubili
347 2302 535 2358 quadam
574 2304 897 2348 necessitudine
934 2306 1049 2350 inter
1100 2308 1219 2365 ipsas
1273 2310 1413 2351 conti-

61 2364 258 2403 neantur.
317 2359 571 2404 Liberiores
609 2369 754 2404 autem
791 2376 1038 2407 sermonum
1067 2365 1412 2419 vicissitudines,

65 2416 231 2459 etiamsi
275 2416 471 2474 legentes
510 2417 596 2462 huc
639 2425 773 2474 atque
814 2419 917 2464 illuc
974 2421 1219 2476 deducant,
1268 2429 1415 2465 tamen

66 2471 237 2515 eosdem
276 2473 463 2530 denique
503 2474 560 2517 ad
608 2491 821 2518 summum
861 2477 1048 2534 aliquem
1087 2479 1217 2522 finem
1256 2495 1415 2535 prove-

66 2527 195 2582 hunt,
234 2530 348 2573 unde
379 2532 614 2588 aliquando
645 2539 784 2576 totum
815 2533 944 2578 liceat
977 2535 1289 2593 disputationis
1315 2538 1413 2590 iter,

65 2591 195 2640 atque
225 2587 473 2632 universum
501 2605 725 2646 campum,
757 2591 832 2646 qui
862 2590 1125 2650 disputando
1156 2601 1415 2652 peragratas

66 2641 210 2697 fuerit,
230 2643 363 2686 veluti
389 2662 473 2689 uno
504 2647 658 2690 obtutu
690 2648 888 2703 lustrare,
920 2660 965 2693 et
986 2666 1074 2706 quo
1095 2665 1297 2706 quaeque
1315 2650 1433 2694 loco'
