1644 2886
276 125 352 165 188
761 122 1127 169 PLATONIS

274 239 408 280 εἴκοσι
452 236 692 290 γεγονότων
738 241 812 287 ἔτη
855 239 1030 280 σκοπῶν
1073 241 1142 280 καὶ
1188 239 1485 294 σκοπούμενος
1526 239 1598 282 ὑπ’

274 303 420 345 ἄλλων
470 299 581 343 κατὰ
628 302 740 343 νοῦν
786 305 926 356 ἐαυτῷ
971 306 1041 345 καὶ
1089 308 1311 360 πρέποντα
1348 310 1405 354 εὶς
1439 308 1605 348 παίδων

274 372 505 410 κοινωνίαν
553 368 623 408 καὶ
660 370 824 419 γένεσιν
858 368 1126 423 ἐξευρηκέναι
1172 370 1379 421 πιστεύει,
1421 375 1604 425 γαμείτω

274 437 351 488 μὲν
399 434 486 480 πᾶς
531 430 653 481 ἐντὸς
696 434 781 473 τῶν
825 438 948 476 πέντε
990 437 1061 476 καὶ
1097 434 1334 490 τριάκοντα
1379 438 1507 485 ἑτῶν,
1556 435 1603 477 τὸ

277 501 320 540 ὑὲ
361 501 529 552 πρέπον
566 501 638 540 καὶ
675 496 724 540 τὸ
760 496 989 552 ἁρμόττον
1023 499 1082 550 ὡς
1110 499 1192 555 χρὴ
1230 504 1395 554 ζητεῖν,
1432 503 1606 556 πρῶτον

275 563 581 606 ἐπακουσάτω·
619 566 682 606 δεῖ
713 563 821 618 γάρ,
854 563 912 614 ὥς
945 581 1052 621 φησι
1090 568 1317 616 Κλεινίας,
1352 569 1607 619 ἔμπροσθεν

280 631 354 672 τοῦ
392 629 528 682 νόμον
564 632 795 683 προοίμιον
833 635 994 673 οὶκεῖον
1030 630 1192 684 ἑκάστῳ
1230 636 1510 688 προτιθέναι.

380 695 478 736 ΚΛ.
553 694 800 742 memora,
838 689 869 736 ὦ
907 696 1007 746 ξένε,
1049 697 1424 751 (διεμνημόνευσας,
1460 698 1607 750 ἔλαβες

278 777 321 803 τε
362 761 443 803 τοῦ
487 758 622 811 λόγου
668 759 823 813 καιρὸν
867 764 936 803 καὶ
974 760 1078 815 μάλ’
1120 765 1215 815 ἐμοὶ
1252 761 1454 806 δοκοῦντ’
1497 761 1606 804 εἶναι

277 840 538 880 συμμετρον.

370 998 446 1051 πρὶς
470 994 594 1028 ἐντὸς
620 998 696 1028 τῶν
725 998 780 1038 m]
809 996 866 1028 uis
893 1000 929 1029 Α.
958 1003 992 1030 et
1018 1009 1084 1032 rec.
1117 998 1154 1030 Ω.
1183 1004 1360 1041 praeterea
1387 1000 1489 1032 etiam
1516 998 1608 1031 Flor.

278 1053 308 1075 a.
337 1052 365 1074 c.
394 1052 426 1074 m
453 1051 558 1082 marg.

369 1088 410 1132 Ε.
458 1084 620 1128 ἑκάστῳ
655 1086 939 1129 προτιθέναι]
973 1089 1179 1131 περιτιθέναι
1206 1099 1280 1121 cum
1308 1099 1373 1121 nno
1405 1089 1440 1120 Ξ.
1466 1086 1609 1129 Stepha-

280 1142 363 1172 nus,
387 1132 442 1172 qui
469 1132 556 1163 coni.
590 1131 818 1171 προετιθέναι.

281 1276 358 1308 que
391 1275 527 1298 annos
561 1266 646 1297 nuti
672 1270 778 1297 sunt.
832 1265 915 1298 Dein

284 1322 346 1353 pro
388 1311 440 1342 καὶ
478 1309 647 1351 πρέποντα
688 1309 915 1343 Heindorf.

283 1357 435 1398 Specim.
469 1355 623 1387 Coniect.
650 1366 682 1395 p.
706 1355 760 1389 36.
788 1356 917 1387 mavult

284 1402 336 1432 καὶ
368 1400 497 1442 πρέπον
539 1411 583 1439 τι,
623 1400 914 1441 quemadmodum

283 1446 399 1478 statim
433 1449 513 1486 post
544 1445 666 1484 iegitur
698 1442 734 1476 τὸ
768 1443 804 1476 δὲ
838 1445 914 1486 πρὲ-

285 1502 352 1523 πον
369 1491 424 1523 καὶ
449 1489 486 1521 τὸ
514 1486 690 1531 ἁρμόττον.
740 1489 810 1521 Sed
838 1490 915 1531 πρέ·

284 1546 390 1568 ποντα
423 1535 503 1567 item
538 1539 662 1567 neutro
695 1544 821 1574 genere
856 1545 915 1566 nu-

986 1276 1056 1299 rum
1091 1277 1178 1308 quae
1213 1268 1287 1307 ipse
1320 1266 1538 1298 Atheniensis
1570 1266 1613 1296 de

985 1313 1170 1352 prooemiis
1195 1312 1289 1344 Libr.
1316 1312 1371 1344 iV.
1397 1322 1429 1352 p.
1458 1310 1524 1344 714
1540 1320 1612 1350 sqq.

983 1356 1182 1398 disputavit,
1231 1357 1271 1388 iis
1310 1365 1470 1388 assensus
1509 1356 1612 1387 etiam

984 1402 1109 1434 Clinias
1148 1406 1212 1434 est.
1269 1400 1401 1442 Lepide
1440 1400 1541 1441 igitur
1579 1403 1613 1431 et

984 1447 1111 1479 urbane
1143 1447 1222 1478 huic
1261 1446 1478 1487 attribuitur,
1519 1443 1612 1485 quod

983 1491 1071 1523 iliius
1103 1502 1181 1523 esse
1217 1491 1442 1522 meminimus.
1491 1489 1612 1521 iniuria

983 1537 1014 1568 in
1041 1537 1101 1569 hac
1131 1537 1268 1568 ratione
1301 1535 1444 1568 offendit
1470 1535 1612 1568 Zene-

284 1581 368 1614 meri
400 1581 540 1622 pluralis
578 1578 836 1620 accipiendum,
877 1585 916 1611 ut

285 1637 352 1658 non
397 1635 483 1666 opus
522 1625 567 1656 sit
601 1624 800 1656 mutatione.
869 1625 918 1656 De

285 1675 409 1702 neutro
435 1669 605 1700 nominum
624 1669 655 1700 in
675 1670 831 1709 personis
856 1669 914 1700 de-

284 1715 460 1756 signandis
485 1717 653 1755 usurpato
681 1723 710 1745 v.
735 1713 914 1746 Bruntzk.

284 1761 324 1793 ad
360 1759 466 1800 Soph.
501 1759 630 1791 Eiectr.
665 1768 693 1788 v.
717 1759 794 1792 301.
829 1759 916 1790 Phil.

285 1814 316 1836 v.
348 1804 426 1838 435.
463 1807 498 1835 et
531 1803 609 1837 927.
660 1803 914 1835 vainkenar.

287 1850 327 1882 ad
355 1850 472 1889 Eurip.
500 1849 628 1880 Piioen,
659 1859 687 1879 v.
707 1848 785 1882 437.
814 1849 916 1880 Her-

288 1905 422 1927 mann.
449 1893 491 1924 ad
522 1894 633 1935 Viger.
661 1903 692 1933 p.
715 1894 790 1927 727.
816 1894 917 1927 n.95.

288 1941 440 1982 Poppo
475 1938 516 1970 ad
543 1938 703 1979 Thucyd.
733 1939 755 1970 i.
783 1949 814 1979 p.
842 1938 918 1973 104.

287 1985 421 2018 Kritz.
451 1982 493 2015 ad
519 1984 660 2016 Saiinst.
678 1984 714 2015 il.
732 1984 786 2018 69.
813 1983 917 2016 Kah-

289 2040 374 2062 ner.
401 2029 461 2060 Gr.
484 2029 544 2060 Gr
574 2029 684 2069 Ampi.
712 2029 790 2060 Vol.
817 2028 857 2060 ΙΙ.
886 2040 917 2070 p

288 2073 746 2118 47.§.422.1.1>erunet
770 2073 833 2105 huc
859 2075 919 2105 eti-

289 2130 344 2152 am
371 2118 494 2159 Soph
525 2119 637 2160 Antig.
652 2118 719 2152 659
735 2129 785 2160 sq.
812 2126 841 2149 ει
857 2117 920 2160 γὰρ

290 2163 332 2206 δὴ
368 2160 442 2195 τάδ’
481 2162 602 2205 ἐγγενῆ
638 2161 740 2202 φύσει
778 2161 919 2203 ἄκοσμα,

291 2208 429 2263 θρέψω
445 2207 551 2249 κάρτα
587 2205 668 2239 τούς
694 2208 758 2248 ἔξω
787 2209 920 2250 γένους

290 2264 338 2286 sc.
364 2250 551 2292 ἀκόσμους.

337 2299 377 2332 Ε.
427 2296 552 2330 ἐντὸς
584 2299 660 2329 τῶν
701 2298 825 2330 πέντε
857 2302 921 2331 καὶ

293 2356 346 2386 tp.
378 2342 502 2385 ἐτῶν]
538 2344 653 2375 intra
685 2344 813 2384 iilos,
851 2346 920 2386 qui

292 2388 536 2425 constituti
575 2391 699 2428 sunt,
738 2391 921 2431 quinque

293 2438 335 2470 et
359 2433 543 2476 triginta
569 2443 718 2466 annos,
768 2433 850 2467 Nan·
883 2435 924 2467 de

294 2485 451 2520 tempore
473 2477 614 2511 ineundi
632 2478 835 2511 matrimonii
860 2480 922 2512 iam

295 2534 400 2564 supra
433 2523 639 2564 disputatum
676 2523 766 2554 mbr,
796 2523 861 2556 IV.
892 2536 923 2566 p.

295 2569 372 2605 ⁵121.
410 2569 451 2600 A.
482 2568 519 2599 Β.
553 2568 608 2599 ubi
636 2578 664 2598 v.
692 2577 766 2600 ann.
817 2570 923 2601 Prae-

295 2620 388 2647 terea
416 2614 506 2645 conf.
531 2611 612 2644 infra
639 2622 670 2654 p.
698 2614 773 2647 785.
805 2614 842 2645 Β.

345 2657 401 2690 ὥς
427 2668 530 2698 φησι
558 2657 791 2696 Κλεινίας,
824 2659 921 2691 Nimi-

984 1590 1057 1613 rns
1091 1581 1189 1613 Stud.
1227 1582 1330 1612 Platt.
1356 1591 1389 1621 p.
1416 1580 1494 1613 107.
1520 1584 1555 1611 et
1580 1589 1611 1620 p.

984 1626 1039 1659 79.
1075 1626 1275 1667 praesertim
1312 1635 1415 1665 quum
1454 1625 1615 1664 deinceps·

985 1680 1025 1702 ne
1052 1671 1178 1702 Cliniae
1202 1670 1340 1711 quidem
1366 1669 1429 1701 sibi
1451 1669 1547 1701 iunius
1567 1669 1615 1699 rei

985 1714 1119 1747 iaudem
1145 1715 1312 1754 vindicet,
1344 1715 1400 1755 qui
1436 1714 1613 1745 Athenien—

985 1770 1056 1791 sem
1094 1760 1208 1801 potius
1248 1759 1327 1790 ideo
1361 1758 1495 1798 iaudat,
1536 1758 1614 1799 quia

986 1810 1180 1846 opportuno
1223 1809 1381 1845 tempore
1419 1804 1611 1845 prooemio-

988 1859 1060 1880 rum
1089 1850 1291 1881 meminerit.

1030 1890 1065 1925 Ὡ
1095 1895 1349 1926 παῐ“τοι’νυν
1382 1893 1542 1934 φιῦμεν]
1577 1893 1613 1923 V.

988 1941 1029 1972 nd
1059 1941 1116 1971 iV.
1145 1950 1176 1981 p.
1204 1940 1280 1973 715.
1309 1939 1355 1970 E‘:
1386 1936 1525 1979 Ἄνδρες
1550 1938 1614 1968 τοί-

989 1995 1052 2015 νυν
1076 1986 1202 2025 φῶμεν,
1229 1995 1257 2015 κ.
1284 1995 1308 2017 τ.
1336 1984 1360 2014 λ.

1035 2026 1213 2071 ἀγαθῶν
1238 2028 1433 2069 πατέρων
1464 2026 1615 2068 φύντι]

989 2075 1186 2108 Cavendum
1228 2083 1436 2115 magnopere
1469 2078 1539 2113 est,
1577 2083 1617 2104 ne

988 2122 1176 2162 genitivum
1210 2130 1271 2162 per
1299 2115 1368 2149 ὑπὸ
1401 2119 1454 2150 vel
1485 2117 1522 2150 ἐκ
1557 2128 1617 2150 ex—

989 2165 1181 2207 plicandum
1233 2169 1401 2206 putemus.
1473 2164 1615 2195 Diversa

989 2211 1076 2242 enim
1117 2213 1198 2241 sunt
1234 2219 1323 2250 quae
1358 2208 1421 2240 viri
1454 2208 1546 2240 docti
1575 2207 1617 2240 de

989 2254 1053 2287 hoc
1084 2264 1211 2295 genere
1242 2254 1432 2286 attuierunt
1463 2253 1505 2284 ad
1539 2252 1613 2284 Eu-

989 2301 1063 2342 rip.
1090 2301 1204 2332 Orest.
1229 2309 1259 2330 v.
1287 2298 1365 2332 491.
1393 2298 1527 2340 πληγεὶς
1549 2297 1615 2328 θυ-

989 2343 1114 2387 γατρὸς
1137 2344 1194 2385 τῆς
1217 2342 1310 2398 ἐμῆς.
1338 2343 1463 2376 Eiectr.
1491 2343 1614 2376 v.123.

991 2393 1096 2421 κεῖσαι
1119 2390 1181 2420 σᾶς
1205 2385 1329 2430 αλόχου
1356 2388 1498 2429 σφαγειε·
1523 2387 1618 2429 Αἰγι-

994 2435 1087 2466 σθου
1113 2431 1140 2465 τ’
1170 2430 1390 2475 Ἀγαμέμνωι.
1440 2433 1512 2466 lmo
1536 2430 1616 2474 ἀγα-

991 2480 1069 2511 θων
1110 2479 1262 2534 πατέρων
1304 2479 1410 2519 φῦναι
1449 2477 1525 2510 nihii
1566 2482 1618 2510 est

992 2525 1080 2557 aliud
1103 2535 1202 2565 quam
1230 2521 1373 2566 ἀγαθῶν
1398 2521 1550 2564 πατέρων
1573 2519 1616 2553 εἶ-

994 2581 1047 2602 ναι
1072 2569 1326 2610 161γειέσθαι,
1359 2572 1487 2610 gnten
1523 2568 1617 2599 Aei-

994 2620 1084 2647 tern
1124 2624 1204 2646 von
1251 2615 1386 2647 Natur
1432 2612 1617 2654 angen&-

994 2670 1082 2700 ren⁷
1113 2659 1203 2700 quod
1231 2660 1318 2693 idom
1345 2663 1395 2691 est
1422 2661 1525 2698 atque
1551 2658 1569 2688 11
1581 2668 1614 2689 o—
