1644 2886
489 101 569 142 DE
602 100 878 143 LEGIBUS
911 106 991 141 etc.
1196 98 1411 140 XXXIX

55 219 101 259 iu
141 214 335 259 coloniae
375 213 631 257 condendae
674 212 852 270 negotio
900 212 1094 256 consiliis
1143 214 1235 255 suis
1273 226 1411 266 usque

58 273 227 316 adesse.
295 272 474 328 Quippe
515 270 639 313 audit
675 268 842 312 Clinias
884 284 1058 325 quoque
1094 269 1410 312 Atheniensem

58 338 180 373 tanto
219 330 441 372 lubentius
490 328 544 371 de
582 327 714 370 rebus
755 327 955 378 civilibus
995 328 1128 370 verba
1164 328 1410 383 facientem,

59 387 177 444 quod
216 402 296 429 nec
343 387 427 443 ipsi
477 386 629 442 ignota
675 390 741 427 est
790 385 1126 428 Atheniensium
1169 385 1305 427 virtus
1361 400 1411 426 ac

58 445 284 501 sapientia..
347 444 461 486 Nam
500 459 553 484 ex
591 458 677 498 quo
721 448 915 498 tempore
956 442 1069 485 inter
1099 441 1334 484 Cretenses
1365 450 1410 483 et.

60 502 356 545 Athenienses
393 517 472 558 per
511 499 811 556 Epimenidem
853 499 1015 541 arctior
1052 499 1267 555 quaedam
1302 500 1411 541 exti-

58 560 159 601 terit
200 557 478 602 necessitudo
519 564 563 599 et
593 557 868 611 coniunctio,
907 558 1069 598 factum
1110 572 1204 599 esse
1235 557 1412 613 profite-

59 625 155 670 tur,
197 627 246 658 ut
289 615 579 658 Athenienses
617 614 662 655 in
693 613 788 655 dies
818 614 957 670 magis
988 613 1171 670 diligere
1202 621 1246 655 et
1277 614 1412 656 admi-

59 675 144 715 rari
174 673 386 716 didicerit.
416 689 456 713 v.
491 671 609 713 Libr.
653 671 685 712 Ι.
718 687 758 726 p.
789 673 888 712 642.
921 671 978 713 D.
1037 671 1162 713 Haec
1194 672 1329 727 igitur
1358 671 1411 713 de

59 730 230 776 Cliniae
266 729 443 787 ingenio
482 735 526 771 et
563 728 756 771 moribus
800 734 1090 785 exponuntur.
1158 727 1284 782 Quae
1315 730 1413 784 quis

58 794 126 830 est
154 788 259 842 quin
290 787 478 829 fateatur
506 786 603 842 ipsa
644 800 818 841 quoque
848 786 1075 842 aptissima
1104 799 1199 828 esse
1231 785 1285 827 ad
1318 787 1412 828 uni-

57 860 206 888 versae
240 843 550 901 disputationis
581 842 800 886 rationes?

171 959 336 1000 Verum
375 957 430 1000 ad
471 957 577 1000 haec
626 956 797 999 accedit
840 958 971 999 etiam
1014 956 1181 1012 aliquid
1220 957 1409 1011 utrique.

57 1025 143 1058 tam
186 1015 354 1058 Cliniae
385 1031 515 1071 quam
546 1014 745 1072 Megillo,
778 1029 1033 1067 commune,
1076 1014 1197 1070 quod
1227 1013 1411 1069 diligen-

46 1074 221 1116 tissime
262 1071 693 1115 animadvertendum
724 1079 814 1126 est,
856 1071 1071 1127 siquidem
1115 1071 1309 1113 futurum
1339 1072 1410 1118 sit.

57 1139 106 1173 ut
136 1130 349 1172 sermonis
379 1129 639 1186 elegantiam
671 1137 789 1171 recte
810 1129 1102 1185 percipiamus
1133 1144 1275 1184 neque
1305 1127 1410 1170 illud

58 1190 198 1243 ipsum
238 1202 317 1244 pro
357 1187 515 1229 vitioso
563 1186 826 1239 habeamus,
875 1185 995 1240 quod
1044 1187 1340 1229 sollertissime
1388 1203 1412 1227 a

58 1245 270 1301 scriptore
308 1244 530 1292 inventum
572 1249 637 1285 est
675 1251 720 1285 et
755 1245 1063 1299 excogitatum.
1132 1243 1249 1286 Nam
1285 1244 1412 1286 ambo

57 1303 131 1344 isti
170 1301 409 1343 Dorienses
449 1316 582 1356 quum
622 1315 767 1351 rerum
815 1301 1087 1357 publicarum
1136 1301 1247 1343 bene
1286 1302 1410 1358 gnari

57 1359 167 1412 sint,
206 1359 351 1400 tamen
383 1357 625 1415 disserendi
664 1358 872 1400 facultate
917 1359 1007 1400 fere
1049 1364 1221 1407 carent,
1258 1365 1412 1415 utpote

58 1431 175 1458 more
216 1415 489 1472 popularium
530 1429 707 1457 suorum
745 1416 885 1471 magis
923 1415 966 1457 in
1005 1423 1096 1457 arte
1137 1416 1410 1472 gymnastica

55 1481 101 1516 et
131 1473 247 1515 vitae
278 1473 448 1515 actione
488 1487 617 1528 quam
656 1473 701 1514 in
731 1472 944 1515 doctrinis
973 1473 1293 1515 liberalioribus
1333 1474 1412 1515 im-

58 1530 293 1587 primisque
324 1529 627 1586 philosophiae
658 1530 814 1573 studiis
845 1530 1086 1572 exercitati.
1126 1547 1168 1572 V.
1201 1531 1323 1573 Libr.
1353 1531 1412 1572 ll.

58 1605 100 1645 p.
129 1589 225 1629 673.
256 1587 336 1630 VI.
367 1603 409 1642 p.
456 1589 551 1630 769.
584 1587 682 1628 coll.
715 1588 836 1630 Libr.
869 1587 906 1629 I.
939 1604 979 1644 p.
1014 1590 1112 1629 639.
1142 1587 1198 1632 D.
1230 1588 1283 1630 E.
1316 1590 1410 1630 644.

60 1646 116 1687 D.
156 1644 241 1686 ΙΙΙ.
272 1660 315 1700 p.
353 1646 448 1686 680.
482 1643 533 1686 C.
566 1644 646 1686 VI.
679 1646 774 1688 769.
803 1645 855 1689 B.
888 1645 992 1687 Vll.
1027 1660 1069 1700 p.
1101 1646 1199 1687 8οῑ).
1235 1646 1283 1687 B.
1316 1647 1411 1689 818.

58 1702 110 1744 E.
152 1701 211 1743 X.
250 1718 294 1758 p.
333 1703 430 1744 886.
471 1703 523 1743 B.
565 1703 662 1745 893.
705 1705 763 1744 A.
802 1702 911 1744 XII.
944 1719 985 1759 p.
1017 1703 1112 1746 962.
1145 1701 1196 1744 C.
1228 1705 1326 1744 965.
1357 1702 1409 1744 C.

58 1758 278 1812 Quocirca
330 1759 392 1800 illi
439 1758 752 1815 propemodum
802 1760 910 1802 nihil
961 1759 1080 1801 aliud
1126 1760 1173 1801 in
1222 1759 1409 1802 medium

57 1816 244 1859 afferunt
282 1831 410 1871 quam
451 1816 571 1871 quod
608 1817 792 1859 refertur
822 1817 877 1859 ad
907 1833 997 1860 rein
1027 1817 1246 1873 publicani
1278 1826 1323 1859 et
1352 1819 1411 1860 cin

61 1873 208 1914 vitatis
247 1887 350 1914 suae
388 1874 613 1923 instituta3
652 1873 707 1916 de
745 1876 902 1917 ceteris
942 1876 1031 1916 fere
1067 1875 1190 1916 taciti
1228 1875 1409 1916 audiunt

60 1945 171 1985 quae
220 1928 499 1972 Atheniensis
547 1931 745 1985 longiore
793 1946 923 1988 saepe
962 1939 1008 1973 et
1045 1932 1292 1987 copiosiore
1322 1947 1411 1975 ser-

60 2002 185 2029 mone
226 1986 428 2042 explicat.
495 1987 594 2028 Hac
631 1987 729 2042 ipsa
759 1995 905 2030 autem
935 2003 980 2030 re
1012 1987 1132 2043 quod
1163 1990 1410 2032 necessario

59 2043 271 2096 efficitur,
309 2049 359 2084 ut
396 2058 537 2085 sermo
576 2043 718 2086 minus
747 2044 906 2088 habeat
931 2052 1080 2102 gratae
1106 2045 1410 2102 iucundaeque

60 2100 310 2154 varietatis,
356 2099 401 2141 id
449 2115 709 2157 magnopere
758 2101 999 2144 cavendum
1049 2109 1116 2145 est
1154 2119 1208 2145 ne
1246 2111 1409 2146 temere

61 2173 139 2214 pro
179 2158 361 2199 inertiae
398 2165 653 2214 argumento
693 2158 942 2202 habeamus.
1003 2160 1119 2203 Nam
1150 2175 1196 2202 re
1225 2160 1409 2218 diligen-

58 2215 146 2257 tius
184 2213 464 2257 considerata
502 2214 621 2257 istud
651 2216 792 2272 ipsum
824 2232 996 2273 quoque
1027 2217 1154 2260 facile
1183 2220 1411 2275 apparebit

59 2287 153 2315 esse
191 2271 425 2326 eiusmodi,
465 2279 514 2314 ut
544 2273 745 2315 universo
776 2275 963 2317 sermoni
993 2275 1123 2332 longe
1153 2276 1210 2316 sit
1239 2293 1410 2319 accom-

63 2328 414 2372 modatissimum.
486 2329 634 2382 Quum
675 2331 788 2373 enim
820 2332 864 2374 in
896 2331 965 2374 his
996 2332 1119 2375 libris
1154 2332 1242 2375 fere
1269 2328 1406 2389 ⁵expo-

60 2398 187 2428 natur
227 2385 281 2427 de
311 2386 365 2428 iis
395 2386 548 2439 rebus,
593 2402 702 2442 quae
732 2404 819 2431 non
849 2395 937 2431 tam
969 2389 1211 2432 disserendi
1241 2391 1408 2433 subtili-

62 2450 218 2496 tatem,
261 2458 390 2499 quam
433 2443 677 2500 explicandi
726 2454 769 2488 et
807 2446 1033 2488 enarrandi
1075 2447 1325 2490 facultatem
1367 2458 1406 2489 et

62 2500 294 2542 sollertiam
332 2501 581 2555 requirunt⁷
615 2503 837 2557 sapienter
870 2505 1066 2561 profecto
1108 2504 1234 2546 Plato
1274 2506 1408 2547 collo-

62 2557 287 2612 quentium
312 2573 522 2613 personas
561 2560 686 2601 finxit
715 2576 803 2614 eas,
835 2577 946 2617 quae
976 2561 1078 2603 huic
1106 2563 1263 2603 rationi
1294 2563 1406 2620 opti—

62 2629 129 2656 me
171 2614 430 2656 inservirent-
472 2631 520 2657 ac
564 2616 630 2658 vel
674 2618 862 2662 moribus
901 2625 945 2660 et
976 2618 1161 2675 ingeniis
1192 2620 1282 2662 suis
1314 2636 1407 2663 eam

61 2678 364 2714 sustentarent.
