1644 2886
261 103 419 145 XXXI
430 104 464 142 V
696 100 851 142 PRO-1.
858 98 1161 165 EdQMENA

261 215 419 262 ‚ceteris
456 214 594 254 minus
634 214 928 264 frequentata,
975 215 1018 250 et
1058 209 1158 249 inde
1201 209 1253 249 ab
1291 207 1584 261 antiquissima

264 276 405 312 aetate
442 270 650 311 bonarum
688 267 830 321 legum
871 272 914 306 et
951 265 1264 319 praeclarorum
1292 263 1584 304 institutorum

266 328 378 367 fama
415 325 595 366 maxime
634 322 870 363 nobilitata.
955 327 1098 373 Atque
1137 321 1219 361 hoc
1256 318 1428 373 quidem
1468 323 1585 359 tanto

266 381 518 437 prudentius
557 378 709 420 fecisse
746 375 964 433 putandus
996 382 1083 429 est,
1123 374 1240 430 quod
1269 375 1454 416 civitatis
1484 388 1585 416 suae

266 437 602 487 fundamentum,
630 440 676 475 ut
705 440 829 475 antea
858 432 1058 485 vidimus,
1091 432 1296 472 Doricum
1318 445 1409 472 esse
1440 429 1585 471 voluit.

267 493 333 534 Ibi
370 493 502 547 igitur
538 493 582 532 in
620 491 794 546 regione
833 488 1016 542 quadam
1057 487 1220 528 insulae
1251 487 1303 528 ab
1333 486 1484 527 incolis
1515 485 1586 525 de-

269 555 409 599 serta,
452 561 561 601 quae·
602 546 773 601 quidem
814 544 1028 586 luculente
1069 543 1324 584 describitur
1362 542 1477 583 Libr.
1508 541 1586 582 IV.

270 620 309 659 p.
351 606 441 646 704.
480 603 531 643 Β.
579 617 673 656 sqq.
716 601 845 643 condi
890 601 1008 642 iubet
1057 600 1272 640 civitatem
1320 599 1589 653 Magnetum,

270 674 397 713 quam
428 658 660 699 identidem
681 657 883 713 appellat,
914 666 962 697 ut
992 656 1041 697 L.
1072 655 1201 696 VIII.
1232 670 1274 709 p.
1307 655 1400 695 848.
1433 653 1488 696 Ι).
1508 653 1589 694 ΙΧ.

269 732 309 770 p.
348 716 441 756 860.
487 714 538 755 E.
575 714 657 756 XI.
698 730 737 768 p.
778 714 873 754 919.
906 713 960 753 D.
989 710 1097 752 XII.
1131 727 1172 765 p.
1205 711 1298 751 946.
1329 709 1380 750 Β.
1411 711 1505 749 969.
1535 709 1590 750 A.

269 769 402 824 Quod
440 769 610 824 quidem
648 770 895 823 neutiquam
941 774 1099 808 temere
1136 768 1197 807 ita
1233 765 1463 807 confictum
1510 770 1591 817 est,

270 826 346 868 sed
376 841 471 867 cum
501 826 704 867 historiae
733 824 818 865 fide
837 824 1105 878 aliquatenus
1125 822 1276 864 saltem
1305 821 1590 862 coniunctum.

270 883 384 924 Nam
428 882 661 937 Magnetas
709 881 806 922 olim
859 880 1120 921 habitavisse
1169 878 1212 918 in
1261 877 1390 918 Creta
1437 875 1592 927 insula,

274 939 526 992 priusquam?
557 938 791 993 migrarent
828 937 870 976 in
901 936 1047 977 Asiam
1087 937 1290 975 minorem
1322 933 1466 986 ibique
1496 931 1592 972 Ma-

273 994 462 1050 gnesiam
494 993 548 1034 ad
576 992 857 1034 Maeandrum
890 991 1140 1043 (tonderent,
1170 989 1388 1031 verissime
1420 987 1595 1041 collegit

273 1049 587 1092 Boeckhius
617 1049 684 1090 De
719 1049 825 1089 l'lat.
847 1048 955 1089 Min.
986 1057 1028 1088 et
1049 1045 1187 1101 Legg.
1218 1061 1259 1100 p.
1291 1046 1356 1086 68.
1387 1059 1438 1084 ex
1458 1043 1594 1083 Plat.

274 1107 411 1160 Legg.
451 1105 535 1146 XI.
576 1121 616 1160 p.
655 1107 750 1147 919.
792 1104 846 1144 Ι).
888 1102 1078 1157 XII.·p.
1128 1103 1222 1142 946.
1254 1101 1304 1141 B.
1334 1099 1593 1142 Strabon.

273 1162 402 1203 XIV.
441 1177 482 1215 p.
530 1163 623 1202 943.
675 1159 980 1202 Scholiast.
1029 1157 1283 1212 Apollon.
1353 1157 1518 1210 Argon.
1558 1153 1593 1194 Ι.

276 1219 369 1259 584.
431 1216 627 1271 pluribus
685 1215 938 1258 testimoniis
993 1212 1260 1255 confirmavit
1309 1210 1595 1253 Meursius

275 1273 391 1315 Cret.
435 1289 476 1327 p.
519 1274 584 1313 88.
626 1281 669 1312 et
711 1279 863 1326 postea
901 1269 1083 1311 Carol.
1123 1267 1327 1309 Hoeck.
1376 1267 1418 1307 in
1469 1266 1597 1307 docto

276 1344 427 1383 opere:
457 1329 637 1369 Kreta.
697 1328 803 1368 Ein
835 1325 1084 1367 Versuch
1124 1339 1216 1364 zur
1254 1322 1597 1377 Aufhellung

277 1385 369 1426 der
422 1383 788 1436 Geschichte,
842 1382 1103 1436 Religion
1155 1395 1196 1420 u.
1246 1378 1598 1431 Verfassung

277 1440 460 1482 dieser
491 1439 656 1480 Insel.
715 1439 813 1482 Vol.
843 1438 901 1478 ΙΙ.
933 1454 973 1492 p.
1004 1438 1099 1478 409.
1129 1449 1224 1489 sqq.
1579 1430 1583 1432 ’

389 1495 481 1537 Iam
513 1510 611 1536 vero
640 1509 769 1536 scena
796 1494 954 1549 dialogi
983 1493 1027 1533 in
1048 1492 1221 1534 Cretam
1250 1490 1431 1532 insulam
1463 1496 1598 1530 trans—

278 1553 362 1592 lata
391 1551 444 1592 de
475 1549 653 1593 Socrate
685 1551 787 1605 quid
803 1549 1044 1592 faciendum
1074 1547 1216 1598 fuerit,
1249 1546 1355 1587 adeo
1384 1551 1450 1586 est
1479 1559 1600 1600 aper-

278 1617 390 1660 tum,
430 1614 479 1648 ut
517 1621 584 1648 res
621 1607 692 1648 vix
734 1606 1024 1648 admonitione
1063 1603 1265 1659 indigeat.
1337 1601 1455 1642 Fieri
1489 1601 1598 1642 enim

276 1663 394 1705 nullo
424 1662 551 1704 modo
572 1664 728 1716 potuit,
758 1669 806 1704 ut
834 1662 903 1703 ille
922 1662 1101 1715 loquens
1121 1658 1397 1700 induceretur
1420 1658 1464 1698 in
1488 1663 1601 1698 terra

278 1733 452 1761 versans
496 1719 742 1772 remotiore,
787 1718 948 1773 quippe
988 1731 1112 1771 quem
1161 1715 1204 1755 in
1250 1714 1405 1769 vulgus
1454 1719 1601 1754 notum

279 1782 393 1817 esset
429 1775 502 1816 vix
539 1790 727 1829 unquam
769 1774 875 1815 fines
918 1775 1093 1815 Atticae
1137 1785 1230 1813 esse
1271 1783 1503 1825 egressum.
1562 1784 1600 1808 v.

281 1831 417 1872 Plat.
486 1829 652 1872 Criton.
694 1846 733 1885 p.
773 1831 839 1871 52.
885 1829 936 1869 E.
976 1843 1070 1882 sqq.
1127 1827 1228 1869 Huc
1267 1824 1447 1876 accedit,
1487 1823 1603 1877 quod

280 1901 461 1943 persona
499 1888 590 1928 eius
633 1886 765 1927 videri
803 1885 950 1927 debuit
999 1885 1125 1926 etiam
1166 1887 1393 1936 propterea
1444 1879 1496 1921 ab
1536 1879 1602 1920 his

280 1942 546 1984 sermonibus
582 1957 677 1983 esse
718 1942 917 1993 alienior,
960 1939 1075 1995 quod
1115 1938 1167 1979 de
1206 1938 1259 1979 iis
1290 1937 1416 1978 rebus
1445 1935 1600 1990 agitur,

281 2014 458 2054 quarum
497 1997 734 2053 disputatio
778 1998 831 2039 ab
871 1997 963 2038 eius
1002 1995 1174 2051 ingenio
1215 2000 1258 2035 et
1295 1991 1484 2033 moribus
1513 1990 1613 2031 fere.

282 2054 558 2096 abhorruerit.
626 2053 781 2108 Itaque
824 2053 970 2103 Plato,
1026 2049 1250 2093 amandata
1297 2046 1487 2090 Socratis
1536 2045 1602 2088 sui

280 2125 490 2164 persona,
533 2109 744 2164 hospitem
788 2108 999 2163 quendam
1034 2106 1368 2155 Atheniensem,
1410 2101 1521 2143 forte
1559 2101 1603 2142 in

282 2164 414 2208 Creta
452 2172 808 2218 commorantem,
848 2179 945 2206 cum
986 2163 1114 2205 Crete
1154 2160 1320 2211 Clinia,
1352 2158 1422 2200 cui
1451 2172 1602 2199 secun-

282 2220 382 2262 dum
423 2221 542 2262 Libr.
588 2221 666 2262 VI.
706 2237 746 2276 p.
778 2222 871 2264 951.
901 2236 926 2261 a
965 2219 1128 2262 civibus
1158 2216 1247 2259 suis
1278 2229 1381 2257 cura
1410 2213 1603 2255 coloniae

282 2278 324 2317 in
356 2277 612 2330 Magnetum
651 2277 866 2332 regionem
914 2273 1190 2321 deducendae
1232 2271 1461 2314 commissa
1499 2276 1603 2322 erat,

286 2341 330 2374 ct
365 2348 460 2374 cum
508 2331 688 2388 Megillo
745 2331 1084 2373 Lacedaemonio
1132 2329 1377 2381 loquentem
1427 2323 1605 2367 induxit.

284 2388 414 2442 Quod
454 2401 581 2442 quam
619 2389 725 2429 scite
768 2396 811 2429 et
848 2389 1066 2444 eleganter
1105 2385 1275 2436 fecerit,
1315 2382 1387 2436 qui
1418 2380 1604 2422 universi

286 2444 425 2499 operis
465 2444 650 2490 rationes
690 2443 917 2498 diligenter
945 2456 1088 2486 secum
1118 2437 1441 2496 perpenderint,
1482 2437 1606 2478 facile

283 2501 396 2542 ultro
435 2499 695 2543 fatebuntur.
772 2500 943 2542 Etenim
983 2497 1249 2554 significatur
1287 2494 1348 2535 ita
1378 2488 1521 2534 statim
1553 2493 1606 2533 ab

283 2556 405 2598 initio
435 2555 591 2610 operis
637 2556 732 2611 ipso
772 2554 1104 2609 colloquentium
1151 2551 1341 2599 delectu,
1388 2563 1479 2590 eam
1516 2547 1605 2589 fore

285 2611 470 2653 civitatis
501 2610 555 2652 de
586 2626 697 2653 novo
718 2611 967 2654 condendae
993 2610 1192 2651 virtutem
1213 2622 1261 2648 ac
1291 2602 1606 2661 praestantiam,
