1644 2886
506 98 569 139 31⁴]
606 97 879 141 LEGIBUS
912 102 993 139 eto..
1312 85 1424 138 XCI

59 212 155 255 dem
207 211 447 267 quidquam
500 212 674 267 ineptae
725 210 1038 252 redundantiae.
1084 216 1162 252 aut
1213 209 1424 252 molestae

0 287 5 314 s
54 271 212 326 ‘copiae
244 270 439 324 reperiri.
499 272 650 324 Atque
683 268 790 310 haec
821 268 996 323 quidem
1025 274 1129 309 sunt
1158 266 1425 309 documenta

0 332 4 382 ζ»
57 328 132 369 illa
172 327 444 383 importunae
476 326 645 368 scilicet
685 325 994 367 exuberantiae
1029 324 1258 378 orationis,
1292 339 1423 379 quam

60 385 199 426 critici
243 384 367 439 gravi
409 398 594 425 censura
633 389 854 424 notarunt.
916 381 1089 436 Quibus
1122 381 1228 438 quid
1260 381 1424 423 efficia-

0 456 1 464 *
57 451 143 494 tur,
177 441 246 483 vel
275 456 327 482 ex
358 440 440 494 his,
475 455 585 495 quae
616 439 819 493 diximus,
850 439 974 493 satis,
1008 439 1175 495 opinor,
1206 439 1423 496 intellige-

58 508 141 542 tur.
221 497 399 553 Quippe
452 498 655 539 vitiosam
707 510 802 537 esse
852 497 1091 538 orationem
1144 495 1246 538 inde
1304 496 1423 538 nullo

60 554 188 598 modo
232 556 435 597 efficitur.
508 556 570 595 At
611 552 831 594 enimvero
864 553 972 594 illud
1005 552 1199 607 quidem,
1233 560 1282 595 ut
1313 553 1423 595 dixi-

58 627 178 665 mus,
218 611 334 653 ultro
364 609 634 667 largiendum
666 616 757 662 est,
813 609 931 663 quod
974 610 1059 651 iam
1110 616 1240 651 antea
1288 610 1423 666 signi-

58 669 312 721 ficavimus,
367 683 461 709 esse
504 667 743 709 orationem
782 665 854 707 hic
899 673 943 708 et
992 666 1081 708 illic
1133 667 1423 722 copiosiorem

57 735 189 781 atque
227 726 538 767 verbosiorem.
606 721 746 765 Cuius
775 729 919 765 tamen
952 724 1014 765 rei
1046 738 1248 765 caussam
1280 724 1350 765 vel
1380 725 1424 766 in

56 783 207 826 senilis
237 783 447 824 sermonis
475 780 718 822 imitatione
750 779 818 822 vel
850 780 895 821 in
926 780 1150 837 popularis
1181 781 1424 836 perspicui-

55 842 159 882 tatis
203 838 350 881 studio
391 838 575 893 aliisque
616 837 746 879 rebus
775 837 991 880 similibus
1024 838 1210 894 positam
1241 853 1339 880 esse
1371 853 1423 880 ex

57 896 356 954 superioribus
388 896 668 951 perspicuum
699 895 792 936 tore
826 895 1138 938 existimamus.

171 1010 383 1052 Venimus
424 1023 555 1063 porro
598 1008 654 1050 ad
696 1024 823 1051 usum
866 1009 1203 1051 insolentiorum
1237 1008 1422 1050 transla-

56 1070 242 1120 tionum,
262 1066 516 1123 imaginum,
541 1066 854 1121 exemplorum,
878 1066 1270 1122 comparationum,
1294 1080 1422 1120 quem

57 1126 205 1180 tetigit
245 1124 503 1166 Zellerus
549 1139 590 1178 p.
633 1125 700 1165 77.
743 1138 808 1178 sq.
893 1122 1034 1176 Quem
1078 1122 1251 1177 quidem
1295 1138 1422 1165 usum

58 1182 261 1238 scriptori
291 1196 441 1237 parum
472 1195 678 1236 prospere
724 1181 910 1222 cessisse
959 1181 1026 1221 vir
1057 1180 1338 1222 doctissimus
1371 1195 1422 1220 ex

59 1240 126 1281 liis
176 1239 285 1281 locis
337 1237 636 1279 demonstrare
686 1237 878 1279 studuit:
936 1237 1054 1279 Libr.
1109 1237 1190 1280 IV.
1235 1252 1277 1291 p.
1325 1239 1421 1278 72υ.

57 1300 112 1340 Α.
139 1321 192 1326 --
223 1295 276 1337 Ε.
307 1295 402 1349 (ubi
433 1293 615 1336 moleste
637 1295 721 1336 fert
743 1294 1009 1337 medicorum
1033 1295 1422 1351 comparationem)

59 1349 152 1395 VII
173 1369 213 1409 p.
245 1354 340 1394 769.
375 1353 430 1393 Α.
461 1375 516 1381 -
548 1351 605 1393 D.
648 1366 734 1406 quo
765 1352 863 1395 loco
893 1354 1007 1393 inter
1037 1367 1083 1393 se
1114 1356 1424 1406 comparantur

56 1411 202 1467 legum
232 1415 434 1451 auctores
465 1414 509 1450 et
532 1408 749 1464 pictores:
783 1408 862 1450 IV.
895 1423 937 1464 p.
969 1411 1065 1450 712.
1101 1409 1152 1450 Β.
1184 1409 1260 1451 ubi
1290 1408 1423 1450 lectio

57 1469 235 1524 vulgata
265 1466 460 1508 fraudem
493 1466 687 1520 peperit,
722 1465 802 1507 IV.
842 1482 885 1521 p.
919 1468 1015 1508 717.
1049 1468 1104 1508 Α.
1138 1465 1218 1507 VI.
1250 1481 1295 1520 p.
1326 1467 1422 1506 776.

7 1550 20 1556 —
62 1526 109 1567 B.
153 1524 209 1566 X.
251 1539 292 1580 p.
333 1524 429 1566 898.
474 1523 526 1563 B.
569 1521 650 1565 IV.
695 1538 736 1577 p.
783 1524 879 1566 718.
913 1523 967 1564 D.
1003 1523 1133 1566 VIH.
1167 1539 1208 1578 p.
1242 1525 1338 1566 834.
1371 1521 1422 1564 C.

58 1581 141 1623 XI.
195 1596 237 1636 p.
287 1582 387 1622 935.
430 1582 484 1623 A.
564 1578 691 1632 Quae
746 1581 950 1633 quoniam
1003 1587 1182 1636 propter
1227 1580 1424 1622 locorum

58 1636 385 1694 amplitudinem
417 1636 462 1678 in
494 1637 715 1691 praesenti
754 1636 930 1693 longum
965 1645 1031 1679 est
1062 1637 1318 1694 diligentius
1350 1652 1424 1678 ex-

60 1696 229 1750 plorare
270 1700 313 1735 et
353 1693 458 1749 quid
502 1694 547 1735 in
591 1695 644 1735 iis
676 1694 782 1735 insit
811 1695 958 1736 vitiosi
989 1694 1142 1737 sedulo
1176 1696 1422 1750 exquirere,

60 1753 197 1794 satius
246 1751 450 1793 duximus
499 1751 543 1792 in
595 1749 933 1793 Commentariis
985 1751 1171 1794 orationi
1226 1752 1424 1794 Platonis

60 1809 268 1851 subiectis
320 1816 508 1849 tractare
557 1809 818 1850 accuratius.
907 1809 993 1851 IIic
1043 1810 1179 1863 igitur
1232 1809 1426 1851 sufficiet

61 1866 193 1908 verbo
232 1865 454 1920 profiteri,
497 1863 636 1906 videri
682 1866 808 1907 nobis
848 1867 931 1907 ista
962 1881 1137 1921 quoque
1169 1866 1232 1907 sic
1262 1867 1426 1921 scripta

60 1937 179 1974 esse,
219 1928 294 1975 ut,
336 1921 372 1963 si
412 1921 542 1962 modo
586 1921 816 1963 universae
858 1924 1070 1964 orationis
1101 1930 1294 1964 tenorem
1327 1922 1425 1963 dili-

60 1986 215 2036 genter
254 1977 594 2031 attenderimus,
628 1980 803 2019 omnino
834 1979 942 2020 nihil
971 1980 1111 2034 inepti
1142 1979 1304 2021 habere
1335 1979 1426 2021 exi-

61 2034 278 2078 stimanda
325 2035 426 2077 sint.
499 2033 774 2089 Quamquam
818 2035 925 2077 illud
967 2036 1142 2092 quidem
1183 2051 1271 2078 non
1312 2036 1425 2078 imus

62 2093 248 2146 infitias,
289 2107 384 2134 esse
417 2092 548 2134 etiam
581 2091 664 2133 hoc
694 2092 738 2133 in
770 2107 956 2148 genere,
999 2109 1111 2148 quae
1152 2093 1295 2136 minus
1333 2094 1425 2149 pla-

62 2157 190 2248 cleant
221 2165 272 2191 ao
303 2149 450 2191 nescio
484 2148 588 2203 quid
621 2148 809 2191 affectati
840 2150 908 2192 vel
941 2150 1138 2207 languidi
1170 2151 1330 2206 habere
1366 2151 1425 2191 vi-

100 2213 267 2249 eantur.
706 2221 710 2223 ’

177 2320 269 2364 Sed
323 2320 405 2362 hoc
455 2319 599 2374 ipsum
653 2334 732 2362 nos
784 2320 1009 2374 admonet,
1059 2328 1108 2362 ut
1140 2321 1315 2363 tandem
1347 2322 1424 2362 ali-

64 2377 239 2432 quando
275 2377 328 2419 de
369 2376 423 2418 iis
464 2390 757 2431 exponamus,
810 2392 920 2433 quae
960 2377 1222 2420 indicendi
1265 2393 1425 2434 genere

67 2434 261 2492 Legibus
300 2433 477 2490 proprio
518 2433 580 2474 ita
629 2441 883 2488 comparata
924 2449 1019 2477 esse
1069 2435 1325 2487 videantur,
1379 2440 1425 2476 ut

67 2505 153 2532 non
193 2491 286 2534 sine
331 2505 486 2532 caussa
525 2489 757 2547 displicere
799 2491 868 2532 vel
901 2493 1031 2533 etiam
1065 2491 1296 2535 offensioni
1330 2507 1426 2534 esse

67 2547 247 2602 possint.
317 2548 385 2589 De
429 2546 589 2602 quibus
623 2547 799 2603 quidem
832 2548 958 2591 rebus
991 2564 1042 2591 eo
1074 2550 1214 2606 magis
1247 2563 1427 2591 necesse

65 2610 131 2646 est
162 2604 370 2659 peculiari
400 2619 532 2660 opera
563 2611 612 2647 ut
641 2604 911 2661 disputetur,
945 2606 1149 2660 quoniam
1179 2605 1277 2648 illae
1307 2606 1428 2662 ipsae

66 2662 249 2703 maxime
273 2675 468 2703 caussam
493 2662 694 2704 attulisse
717 2661 935 2716 videntur,
969 2679 1046 2705 cur
1077 2663 1217 2705 critici
1251 2663 1426 2706 omnino
