1644 2886
298 110 375 150 110
780 106 1148 150 PLATONIS

224 218 260 259 E
305 223 489 276 Κρητῶι
530 223 653 262 ἔθνει
699 219 946 274 προθυμως
990 230 1223 264 κατοικιεῖν
1269 224 1444 273 δέκατος
1474 225 1621 301 avitos-3

189 294 266 332 752
298 286 355 336 ὡς
389 286 496 346 φής,
534 284 586 326 τὰ
625 288 730 337 νῦν,
767 284 846 339 ἐγώ
885 286 924 327 δ’
964 279 1021 327 αὖ
1059 300 1129 329 σοι
1165 287 1474 346 ξυλληψεσθαι
1508 291 1618 334 κατὰ

295 349 374 402 τὴν
410 352 642 405 παροῦσαν
678 349 782 405 ἡμῖν
815 350 870 392 τὰ
908 352 986 393 νῦν
1016 355 1314 407 pavfioioyiav.
1353 353 1513 397 οὔκουν
1549 358 1622 409 δή-

296 434 380 458 που
417 420 486 468 λέ)
491 433 550 458 ων
585 432 630 469 γε
665 415 723 458 ἂν
758 418 914 470 μῦθον
945 416 1171 473 ἀκέφαλον
1194 418 1300 461 ἑκών
1318 420 1620 477 καταλίποιμι·

294 481 576 536 πλανωμενος
619 482 704 536 γὰρ
752 481 807 524 αν
854 481 1031 541 ἁπαντῃ
1078 486 1280 534 τοιοῦτος
1325 485 1402 528 ὢν
1420 486 1620 545 ἄμορφος

289 564 515 605 ([αίνθίΐϋ

392 615 490 656 ΚΛ.
549 611 716 666 ”Αριστ’
758 615 944 669 εἴρηκας,
981 608 1012 655 ὦ
1049 615 1152 665 ξένε.

391 681 486 722 ΑΘ.

287 762 418 800 ναμιν
456 744 586 788 οὕτω.

398 812 496 855 ΚΛ.

392 878 486 919 ΑΘ.

560 679 621 721 Οὐ
669 679 811 733 μόνον
847 696 918 733 γε,
952 680 1065 722 ἀλλὰ
1104 687 1178 724 καὶ
1213 680 1356 737 δράσω
1394 682 1505 725 κατὰ
1546 683 1616 726 δύ-

570 808 700 852 Ποένυ
735 813 814 864 μὲν
850 803 930 853 οὖν
966 814 1156 867 ποιῶμεν
1193 807 1299 872 ᾗπερ
1336 815 1405 855 καὶ
1427 815 1635 868 λέγομεν,Ἰ

545 873 698 918 ’Ἔσται
741 875 886 926 ταῦτ’,
932 873 991 918 ἂν
1034 879 1145 927 θεὸς
1193 882 1325 938 ἐθέλῃ
1373 882 1444 921 καὶ
1480 879 1618 935 γήρως

285 944 581 997 ἐπικρατῶμεν
618 941 666 984 τό
703 958 748 992 γε
786 944 1012 985 τοσοῦτον.

384 1094 422 1126 Ρ.
450 1094 530 1127 752.

586 1091 690 1123 ἑκιὸτ
733 1095 1026 1137 καταλίποιμι]
1068 1096 1291 1135 καταλειποιμι
1331 1100 1421 1129 teste
1456 1097 1630 1129 Bekkero.

285 1149 373 1172 corr.
399 1140 444 1170 A.
477 1138 533 1179 qni
566 1138 752 1171 secundum
786 1139 941 1172 Bastium
971 1145 1081 1173 totum
1117 1143 1228 1173 iocum
1258 1141 1305 1172 sic
1329 1142 1494 1194 scriptum
1523 1142 1615 1174 exhi-

285 1185 362 1217 bet.
389 1184 614 1221 καταλείποιμι
640 1182 872 1223 πλανώμενος,
898 1182 940 1216 ἂι
965 1176 1112 1227 ἆπᾶντῃ,
1143 1187 1381 1219 consentiente
1407 1187 1507 1219 etiam
1534 1187 1611 1220 Par.

283 1229 324 1261 Β.
352 1233 386 1262 et
410 1239 481 1262 sec.
516 1225 554 1260 Ω.

284 1274 385 1307 etiam
415 1274 514 1306 Voss.
540 1283 595 1312 x.‚

282 1321 390 1352 culam
428 1317 470 1351 ἂν
501 1320 718 1351 interserunt.

590 1228 741 1282 itemque
777 1239 884 1271 marg.
914 1241 945 1264 a.
979 1229 1008 1262 δ.
1057 1211 1209 1265 Eandem
1243 1231 1447 1273 scripturam
1481 1231 1614 1264 exhibet

628 1274 688 1304 nisi
720 1274 810 1316 quod
839 1275 890 1307 hic
925 1286 1000 1308 cum
1031 1281 1115 1318 Ang.

773 1319 812 1351 In
845 1321 933 1356 Ven.
971 1321 1008 1355 Ξ.
1046 1332 1096 1362 pr.

1143 1287 1172 1308 v.
1210 1281 1288 1318 post
1318 1274 1475 1319 ἄμορφος
1506 1277 1612 1319 parti-

1132 1319 1168 1355 Ω,
1206 1321 1405 1363 (sequimur
1439 1322 1613 1363 Bauium,

282 1375 354 1398 nam
391 1365 568 1397 Bekkerns
598 1363 688 1395 istud
722 1364 834 1406 ipsum
867 1365 910 1398 de
935 1376 1004 1399 sec.
1036 1365 1073 1400 Ω.
1100 1367 1230 1408 narrat)
1258 1366 1350 1399 Flor.
1382 1366 1410 1398 δ.
1436 1377 1466 1399 a.
1496 1377 1611 1409 reper-

282 1475 319 1506 τὰ
351 1473 620 1514 διασκέψασθαιε
652 1473 695 1506 ad
733 1483 833 1514 quem
860 1475 911 1506 io-

280 1530 357 1553 cum
390 1521 494 1552 etiam
528 1520 571 1552 de
608 1527 670 1550 usu
700 1519 798 1551 hnins
829 1530 910 1561 pro-

282 1565 387 1598 verbii
417 1565 548 1597 dictum
575 1569 639 1594 est.
666 1564 755 1596 conf.
782 1563 911 1607 Berg-

281 1611 355 1643 ler.
382 1611 425 1642 ad
452 1609 651 1652 Alciphron.
682 1609 705 1640 1.
730 1609 785 1643 39.

326 1677 370 1709 Ε.
442 1681 680 1709 κατοικιεῖν
726 1676 910 1709 δέκατος

281 1718 436 1764 αὐτὸς]
471 1723 515 1754 Η.
548 1733 578 1755 e.
609 1733 687 1755 una
719 1733 811 1755 cum
843 1733 907 1755 no-

277 1778 366 1800 vem
391 1767 505 1800 aliia.

322 1834 363 1867 P.
389 1834 467 1868 752.
495 1832 661 1866 οὔκουν
685 1833 825 1876 δήπου
850 1834 906 1866 λε’-

276 1890 363 1920 γων
389 1891 433 1921 γε
453 1879 508 1922 -]
533 1880 579 1912 Η.
597 1890 627 1912 e.
647 1882 776 1922 itaque,
802 1890 906 1922 quan-

275 1930 348 1957 tum
372 1926 408 1956 in
433 1935 488 1957 me
508 1928 570 1962 est,
597 1924 799 1957 disserendo
814 1929 908 1957 certe

275 1969 444 2009 efficiam,
481 1974 517 2001 ut
549 1970 625 2002 nihi!
651 1969 693 2002 ad
720 1980 789 2002 rem
817 1970 905 2002 desi-

274 2014 388 2047 derari
412 2014 585 2055 videntum
615 2025 654 2047 re
678 2017 751 2057 ipsa
776 2020 813 2047 ut
835 2015 906 2055 fiat,

273 2059 364 2101 qnod
396 2060 534 2092 efficere
571 2061 695 2101 vultis,
734 2064 771 2092 tn
812 2060 905 2092 iuxta

273 2114 348 2137 cum
383 2105 458 2136 aiiis
497 2105 645 2138 curabis.
706 2104 784 2137 Hoc
824 2115 905 2137 vero

272 2149 321 2180 sic
362 2149 539 2190 exprimit,
587 2155 625 2182 ut
662 2150 824 2191 respiciat
862 2149 904 2182 ad

272 2194 485 2227 notissimum
526 2195 751 2234 proverbium.
793 2195 903 2234 Gorg.

270 2249 304 2279 ρ.
329 2238 407 2273 505.
436 2239 482 2270 D:
515 2235 587 2271 ἀλλ’
620 2235 701 2271 οὐδὲ
736 2237 819 2271 τοὺς
841 2237 903 2278 μύ-

269 2283 363 2315 θους
394 2284 477 2323 φασὶ
513 2283 635 2324 μεταξὺ
674 2284 774 2324 θέμις
817 2280 902 2316 εἶναι

270 2328 493 2366 καταλείπειν,
532 2326 603 2361 ἀλλ’
634 2329 814 2362 ἐπιθέντας
849 2340 900 2361 κε-

271 2371 392 2415 φαλήν,
417 2374 472 2405 ἵνα
499 2372 542 2416 μὴ
569 2372 820 2415 ἅνεακεφαλῆε
844 2385 899 2406 πε-

273 2418 351 2460 ριΐῃ.
385 2417 475 2451 Tim.
499 2430 542 2461 φ.
576 2420 631 2454 69.
667 2420 712 2452 32
747 2417 902 2461 τελευτὴν

270 2462 335 2506 ἤδη
359 2462 509 2519 κεφαλήν
533 2475 567 2496 τε
586 2466 632 2507 τῷ
651 2464 754 2507 μύθῳ
780 2463 897 2507 πετραί-

269 2509 360 2548 μεθα
382 2506 618 2550 ἁρμόττουσαν
638 2509 806 2541 ἐπιθεῖναι
831 2513 902 2541 τοῖς

270 2553 437 2596 πρόσθεν.
464 2555 520 2587 ubi
547 2565 576 2587 v.
604 2559 755 2588 annotat.
773 2559 899 2587 nostra.

267 2600 380 2632 Etiam
414 2598 497 2632 Phn.
527 2610 560 2641 p.
587 2600 642 2634 66.
668 2601 707 2632 D.
745 2599 900 2632 videmur

268 2648 363 2676 recte
389 2645 551 2677 statuisse
585 2655 647 2686 pro
675 2646 765 2684 vulg.
794 2655 896 2684 κεφα-

979 1473 1040 1516 λὴν
1066 1472 1279 1517 ἀποδοῦναι,
1304 1476 1396 1517 quod
1423 1476 1608 1509 absurdum

979 1525 1050 1560 est,
1100 1523 1281 1563 legendnm
1333 1531 1411 1554 esse
1460 1519 1608 1563 κεφαλὴν

977 1566 1157 1600 ἐπιθεῖναι,
1208 1567 1422 1607 Quamquam
1451 1567 1525 1607 suit,
1549 1567 1602 1608 qui

977 1612 1138 1644 librorum
1173 1613 1373 1654 scripturam
1408 1621 1515 1653 nuper
1550 1612 1608 1643 de·

976 1656 1117 1689 sendere
1149 1662 1353 1696 conaretur-5
1386 1657 1606 1698 perversissi-

975 1711 1031 1733 mo
1063 1702 1112 1734 rei
1150 1711 1231 1734 usus
1255 1706 1479 1742 argumento,
1513 1700 1607 1743 quod

974 1746 1036 1787 ipsi
1091 1747 1158 1778 iam
1211 1747 1430 1778 annotatione
1489 1751 1606 1778 nostra

975 1791 1237 1824 ostenderamus
1263 1800 1424 1833 perquam
1450 1792 1605 1832 ineptum

975 1846 1065 1868 esse.

1022 1877 1293 1919 πλανώμενος
1326 1878 1407 1922 γὰρ
1441 1877 1604 1921 ἁπάντῃ
1642 1894 1644 1899 ,

975 1945 1018 1950 —-
1044 1927 1291 1966 φαι’νοιτο.Ι
1327 1925 1526 1958 particulam
1554 1923 1604 1963 liv,

975 1981 1016 2003 ex
1042 1970 1144 2003 codd.
1171 1970 1381 2009 restitutam,
1409 1971 1498 2002 maie
1523 1971 1602 2004 oiim
1640 1995 1641 1999 ,

976 2017 1182 2049 omittebant
1212 2014 1309 2047 editt.

974 2071 1030 2093 rea
1047 2061 1163 2093 vitium
1180 2060 1291 2092 inesse
1305 2059 1413 2092 visum
1439 2059 1470 2092 in
1497 2057 1603 2092 ἁπάν-

975 2117 1023 2146 τῃ.
1068 2106 1216 2137 Astius
1249 2104 1336 2136 enim
1372 2105 1524 2138 correxit
1560 2102 1602 2137 ἂν

973 2147 1121 2193 ἀπαντᾷ,
1146 2151 1179 2182 si
1205 2149 1375 2181 obviam
1402 2151 1548 2182 veniat
1571 2161 1600 2183 a.

972 2198 1183 2228 occurrat.
1232 2194 1362 2226 Verum
1389 2194 1499 2227 lenius
1524 2204 1598 2227 cer·

970 2245 1005 2273 te
1042 2239 1234 2272 correxeris
1274 2247 1351 2270 cum
1386 2238 1598 2272 Heindor-

970 2285 1029 2317 fio
1063 2284 1104 2317 ad
1142 2284 1248 2324 Gorg.
1282 2293 1314 2324 p.
1345 2283 1423 2318 202.
1467 2282 1598 2321 ἅπαντι,

968 2331 1001 2362 in
1026 2339 1126 2371 quam
1142 2329 1309 2360 rationem
1334 2329 1412 2361 oiim
1430 2329 1492 2370 ipsi
1509 2339 1598 2371 quo-

967 2385 1033 2416 que
1057 2374 1246 2406 incidimus.
1277 2372 1372 2406 Nunc
1395 2377 1508 2406 tamen
1532 2384 1597 2416 pn-

967 2424 1080 2452 tamus
1094 2418 1281 2451 mutatione
1297 2419 1487 2459 neutiquam
1509 2428 1596 2460 opus

969 2474 1058 2498 esse.
1105 2463 1190 2496 Nam
1204 2460 1333 2503 ἁπάντῃ
1356 2463 1412 2495 ubi
1428 2473 1493 2495 non
1518 2473 1593 2496 cum

969 2508 1199 2548 πλανώμενος,
1232 2508 1293 2540 sed
1327 2518 1404 2540 cum
1437 2505 1597 2549 ἄμορφοι·

968 2555 1124 2594 φαίνοιτο
1156 2553 1386 2590 eoniunxeris,
1419 2552 1596 2594 aptissima

1365 2014 1434 2046 Sed
1466 2020 1602 2056 praete·
1642 2018 1644 2051 ’ς

966 2602 1001 2630 et
1030 2598 1210 2631 verissima
1242 2597 1407 2630 sententia
1440 2600 1594 2638 emerget
1625 2605 1629 2645 τὲ

966 2643 1064 2676 haee:
1091 2653 1178 2675 num
1205 2643 1364 2684 ubique
1389 2642 1593 2681 iocorum,
1625 2658 1627 2691 j
