1644 2886
212 73 215 75 *
276 104 463 148 xxxn
699 104 1172 148 PROLEGOMENA

274 217 465 259 Platonis
506 231 590 258 non
629 215 828 267 Athenis,
867 215 943 256 sed
985 216 1028 256 in
1069 216 1201 258 Creta
1229 217 1369 260 insula
1398 226 1465 260 est
1493 233 1594 261 con-

275 274 438 316 stituta.
498 272 627 313 Actio
676 271 881 312 sermonis
929 277 1131 326 tanquam
1171 272 1370 316 dramatis
1419 274 1596 317 alicuius

276 345 424 384 parum
454 334 520 370 est
558 327 741 367 motoria
778 326 988 381 nimisque
1016 327 1141 369 tarda
1169 343 1219 369 ac
1238 328 1438 373 difficilis.
1498 322 1620 372 Ser-‘

275 401 342 426 mo
382 397 686 437 saepenumero
723 382 873 423 mirum
921 390 1125 436 quantum
1168 384 1298 425 hiscit
1343 391 1384 427 et
1432 392 1596 428 tantum

273 456 359 482 non
389 438 595 480 machinis
626 437 878 492 quibusdam
910 439 1116 481 violenter
1142 439 1344 483 adhibitis
1373 456 1596 496 promove-

272 504 342 537 tur
378 494 567 536 ulterius.
634 493 755 535 Idem
794 495 846 535 ab
884 494 1005 536 initio
1045 502 1112 537 est
1150 496 1323 551 ineptus
1360 506 1488 552 atque
1519 498 1596 539 im·

272 556 505 607 portunus,
543 550 586 590 in
625 550 801 604 reliquis
842 556 984 591 autem
1022 552 1214 606 partibus
1257 560 1372 595 caret
1410 554 1595 607 eleganti

272 606 476 648 varietate
504 612 708 660 rectoque
751 607 1066 661 progressionis
1105 607 1276 661 ordine,
1327 609 1595 663 quandoqui-

272 662 367 704 dem
404 662 587 704 subinde
633 662 801 704 laborat
847 663 978 703 nimia
1023 663 1265 718 prolixitate
1312 672 1438 720 atque
1488 665 1596 708 adeo

271 719 362 761 abit
399 719 440 759 in
478 718 706 760 oratoriam
745 717 1121 772 declamationem,
1171 720 1302 762 habet
1339 721 1442 762 item
1491 721 1595 763 locis

272 774 527 830 quibusdam
577 779 789 829 agrestem
850 773 1063 828 quandam
1111 776 1414 830 rusticitatem,
1466 791 1595 831 quum

270 831 407 872 oratio
460 830 738 871 Atheniensis
796 830 944 884 istius,
1008 831 1083 884 qui
1131 831 1315 885 loquens
1363 831 1594 886 inducitur,

271 887 395 941 quasi
425 886 730 943 praecipientis
769 886 949 928 alicuius
979 887 1171 943 magistri
1198 902 1338 942 neque
1368 903 1470 930 vero
1494 903 1597 937 *cum

269 943 423 984 ceteris
462 942 740 983 familiaribus
781 943 1061 984 consultantis
1102 943 1226 984 amici
1264 958 1358 986 esse
1390 943 1596 986 videatur.

269 999 462 1041 Laborat
498 1013 627 1053 porro
667 1012 803 1039 sermo
833 998 1000 1054 frigidis
1029 995 1255 1040 verborum
1285 1014 1334 1041 ac
1363 1000 1595 1042 sententia-

268 1070 360 1097 rum
390 1054 569 1107 lusibus,
602 1053 916 1107 distinctusque
949 1060 1014 1096 est
1042 1055 1174 1096 veluti
1204 1055 1391 1098 flosculis
1421 1056 1595 1109 quibus-

268 1110 366 1152 dam
405 1110 589 1152 inficetis
630 1109 915 1163 dictionibus,
945 1110 1143 1152 absurdis
1172 1111 1429 1166 imaginibus
1459 1118 1502 1153 et
1530 1112 1594 1153 in·

269 1166 395 1208 sulsis
451 1166 856 1220 comparationibus.
938 1166 1165 1208 Praeterea
1217 1181 1295 1222 per
1350 1168 1596 1209 universum

268 1237 505 1265 sermonem
533 1221 706 1263 insolita
737 1222 946 1275 quaedam
984 1222 1206 1278 gravitatis
1245 1222 1458 1265 affectatio
1505 1224 1596 1264 ani-

266 1278 563 1331 madvertitur,
595 1292 705 1332 quae
736 1278 886 1319 mirum
907 1284 1115 1331 quantum
1146 1277 1278 1320 distat
1307 1293 1331 1319 a
1361 1279 1596 1321 testivitate

265 1335 340 1376 illa
380 1341 508 1388 atque
545 1333 783 1387 hilaritate,
825 1348 934 1387 quae
963 1334 1007 1374 in
1038 1333 1132 1375 aliis
1161 1334 1353 1376 Platonis
1383 1334 1501 1377 libris
1531 1349 1596 1376 re·-

264 1391 438 1446 peritur.
496 1389 682 1431 Accedit
699 1396 925 1445 cognatum
946 1388 1012 1430 his
1033 1389 1196 1444 vitium,
1227 1390 1343 1444 quod
1362 1405 1468 1444 quae
1497 1397 1597 1432 sunt

265 1447 380 1499 trita,
411 1446 631 1502 vulgaria,
662 1447 846 1498 usitata,
877 1445 982 1486 mire
1012 1444 1279 1501 adaugentur
1310 1452 1353 1487 et
1382 1446 1593 1488 extollun-

265 1509 358 1553 tur3
388 1502 579 1556 itemque
610 1516 720 1556 quae
750 1507 849 1543 sunt
909 1516 953 1542 er
981 1516 1026 1543 se
1059 1501 1173 1543 clara
1203 1508 1245 1543 et
1272 1502 1514 1557 perspicua,
1545 1517 1595 1544 ea

265 1557 640 1613 sesquipedalibus
683 1557 826 1599 verbis
868 1517 1148 1611 fbrmulisque
1176 1558 1265 1599 fere
1295 1558 1594 1600 calamistratis

263 1621 419 1656 temere
461 1619 742 1667 exornantur,
791 1613 874 1654 hoc
911 1619 998 1667 est,
1046 1613 1163 1654 inani
1199 1614 1403 1656 orationis
1439 1629 1595 1670 pompa

262 1671 542 1713 infuscantur.
619 1670 715 1712 Nec
765 1669 887 1711 deest
932 1668 1115 1724 denique
1166 1685 1334 1711 morosa
1385 1670 1593 1725 quaedam

263 1742 313 1769 ac
354 1726 490 1768 tristis
532 1726 722 1781 gravitas
765 1731 808 1767 et
836 1725 1060 1778 severitas,
1109 1725 1290 1767 maxime
1333 1732 1521 1768 assumta
1569 1741 1595 1767 a

262 1783 492 1839 religiosae
530 1782 703 1838 pietatis
732 1780 1019 1835 affectatione,
1052 1781 1219 1835 qualem
1258 1782 1294 1823 si
1324 1782 1419 1835 quis
1447 1782 1492 1823 in
1522 1796 1592 1823 ce-

260 1840 364 1881 teris
406 1837 600 1936 glatqnis
639 1838 812 1893 scriptis
843 1836 1129 1891 demonstret,
1159 1837 1197 1879 is
1225 1852 1404 1894 magnus
1435 1837 1593 1893 Apollo

261 1895 402 1937 haben
435 1909 485 1936 us
535 1894 659 1936 uerit.

310 2042 317 2050 ,
376 2007 499 2048 Haec
539 2006 674 2063 igitur
710 2011 812 2048 sunt
848 2005 950 2059 fere,
980 2018 1089 2059 quae
1126 2004 1171 2046 in
1202 2003 1362 2059 dialogi
1399 2008 1489 2044 arte
1526 2016 1592 2044 re-

263 2062 599 2119 prehenduntur.
669 2062 831 2118 Ingens
873 2076 973 2103 vero
1011 2060 1354 2103 criminationum
1386 2058 1512 2114 copia
1541 2073 1592 2100 ac

259 2118 516 2172 multitudo,
557 2123 607 2159 ut
643 2118 773 2160 alicui
808 2132 902 2159 eam
931 2116 1116 2158 intuenti
1143 2113 1448 2172 propemodum
1479 2113 1591 2159 ultro

259 2176 303 2217 in
333 2180 520 2216 mentem
541 2173 686 2215 veniat
712 2172 839 2215 illud:
871 2172 1184 2215 Criminare
1213 2170 1499 2224 audacter,
1530 2185 1591 2212 ac

259 2236 478 2287 semper,
507 2229 724 2284 aliquid
779 2229 974 2271 saltem
1015 2227 1276 2270 haerebit.
1343 2226 1440 2268 Nec
1488 2241 1590 2269 vero

258 2293 450 2334 nostrum
491 2291 691 2342 putamus
731 2285 787 2327 ad
823 2286 909 2327 ista
949 2285 1088 2327 omnia
1115 2282 1372 2339 respondere
1402 2282 1591 2338 singula-

257 2344 346 2386 tim.
416 2341 469 2383 Id
507 2343 620 2383 enim
659 2342 910 2383 immensam
948 2342 1036 2383 fere
1073 2338 1377 2394 disputationis
1415 2338 1609 2393 prolixi-⁴

258 2406 392 2442 tatem
422 2398 674 2453 requireret.
734 2397 850 2439 Illud
879 2397 1021 2453 potius
1050 2410 1247 2450 agemus,
1286 2401 1335 2436 ut
1364 2409 1473 2448 quae
1502 2409 1591 2458 ma-

257 2457 324 2513 gis
365 2455 568 2498 universa
598 2459 719 2505 sunt,
762 2469 812 2495 ea
839 2453 960 2496 brevi
987 2451 1170 2495 examini
1201 2451 1498 2503 subiiciamus,
1535 2465 1591 2492 s1-

257 2511 432 2567 quidem
462 2510 715 2566 singularia,
747 2510 784 2551 si
814 2524 899 2564 qua
927 2523 1034 2565 opus
1063 2506 1271 2560 videatur,
1302 2507 1346 2547 in
1366 2505 1590 2548 Commen-

259 2568 381 2610 tariis
419 2567 682 2609 rimabimur.
742 2565 920 2608 Versari
958 2570 1101 2606 autem
1127 2563 1171 2604 in
1191 2563 1270 2604 hac
1287 2561 1591 2617 disputationis

258 2630 379 2679 parte
412 2624 473 2665 ita
501 2622 668 2678 placet,
713 2628 760 2662 ut
803 2623 981 2677 primum
1013 2619 1203 2661 dicamus
1235 2618 1288 2659 de
1319 2624 1470 2661 ornatu
1500 2631 1591 2659 sce-
