1644 2886
482 77 564 119 DE
598 76 874 121 LEGIBUS
907 86 987 119 etc.
1302 79 1416 122 LIII

53 189 240 245 ideoque
270 189 453 232 multum
483 189 682 232 diversus
724 190 777 231 ab
809 203 861 231 ea
890 189 1099 244 oratione,
1134 205 1247 244 quae
1277 191 1415 233 subti-

55 246 173 288 libus
212 245 266 288 de
307 246 549 303 sapientiae
580 246 814 303 disciplina
844 244 1214 302 disputationibus
1243 262 1416 290 accom-

53 303 229 345 modata
270 309 349 345 est.
420 303 573 346 Refert
613 303 750 360 igitur
791 302 863 344 ille
903 303 1027 345 iuxta
1064 317 1163 345 cum
1199 304 1414 347 tenuitate

53 365 185 415 atque
226 360 470 402 subtilitate
515 361 679 416 passim
719 359 850 402 etiam
890 359 1152 416 gravitatem
1196 360 1413 415 quandam

52 423 184 472 atque
216 416 476 472 dignitatem
508 433 562 459 ex
587 417 780 473 ipsarum
809 431 954 465 rerum
976 416 1276 473 magnitudine
1304 424 1415 460 tam-

51 488 181 528 quam
222 473 338 516 ultro
377 480 656 524 nascentem,
702 472 890 526 ideoque
939 487 1019 515 nec
1068 475 1238 529 spernit
1281 475 1415 518 verba

49 530 348 583 insolentiora,
371 530 516 573 sonitu
537 530 749 586 pleniora,
782 529 1048 584 antiquiora,
1070 529 1261 586 denique
1283 547 1413 589 gran-

51 586 173 629 diora
215 594 261 629 et
300 587 445 643 specie
473 587 745 640 honestiora,
786 586 935 640 qualia
975 586 1123 643 legum
1154 587 1413 644 dignitatem

51 643 248 686 deceant.
318 645 389 685 Ex
419 658 505 698 quo
544 644 823 686 manifestum
855 648 923 684 est
951 643 1022 684 vel
1053 642 1166 685 hanc
1200 646 1255 686 ob
1287 659 1413 688 caus-

50 715 142 743 sam
182 701 278 743 fieri
325 715 412 743 non
443 700 641 756 potuisse
673 701 778 756 quin
808 715 967 756 magna
995 699 1112 742 illius
1147 701 1201 742 ab
1230 701 1414 745 aliorum

49 757 322 815 dialogorum
369 757 690 799 consuetudine
740 757 973 800 diversitas
1026 757 1248 801 existeret.
1320 759 1412 801 Iam

49 829 155 857 vero
185 815 308 871 leges
352 820 482 870 atque
514 815 717 858 instituta
747 814 895 857 civilia
924 813 1084 867 inhhoc
1116 829 1248 871 opere
1279 815 1412 858 etiam

48 887 100 914 eo
144 872 274 916 modo
305 872 587 926 sanciuntur,
628 878 678 914 ut
708 871 836 915 simul
867 871 1228 914 commendentur
1254 887 1412 929 prooe-

48 929 170 984 miis,
211 929 295 972 hoc
331 936 422 984 est,
475 929 747 972 orationibus
785 929 1017 984 suasoriis,
1061 928 1220 984 quibus
1261 944 1411 972 eorum

47 1001 253 1041 caussae,
292 986 535 1040 utilitates,
576 985 758 1028 effectus
791 985 980 1041 denique
1021 986 1235 1029 salutares
1275 986 1410 1030 diser-

48 1043 227 1086 tissimis
259 1043 402 1086 verbis
434 1043 734 1098 declarantur,
766 1044 828 1085 ita
858 1042 1060 1099 quidem,
1092 1049 1143 1085 ut
1195 1043 1409 1100 imprimis

47 1101 179 1143 etiam
218 1100 394 1143 virtutis
438 1107 531 1142 tum
570 1101 712 1143 civilis
751 1107 843 1142 tum
883 1100 1059 1143 mora-lis
1100 1106 1144 1142 et
1173 1100 1409 1158 religiosae

45 1158 158 1200 ratio
202 1156 399 1201 ducatur.
471 1157 606 1211 Quod
643 1162 760 1200 certe
801 1157 897 1199 fieri
944 1172 1033 1199 non
1072 1158 1220 1213 potuit
1267 1157 1408 1212 aliter,

47 1215 131 1257 nisi
171 1229 224 1256 ea.
278 1214 471 1268 ratione,
521 1220 572 1256 ut
618 1213 802 1257 subinde
847 1214 978 1256 etiam
1019 1213 1146 1257 stilus
1199 1214 1410 1271 grandior

46 1271 351 1324 adhiberetur,
397 1272 472 1326 qui
512 1272 695 1314 referret
734 1269 942 1326 quiddam
973 1270 1156 1325 celsius,
1197 1271 1408 1326 sanctius,

46 1328 419 1385 magnificentius,
463 1327 820 1384 quandoquidem
860 1327 905 1369 id
943 1328 1007 1369 rei
1037 1328 1176 1384 ipsius
1204 1327 1409 1385 dignitati

46 1392 178 1440 atque
243 1385 459 1428 maiestati
518 1385 658 1427 videri
705 1384 858 1426 debuit
905 1391 1245 1427 consentaneum
1299 1400 1407 1428 esse.

45 1443 203 1498 Itaque
241 1442 406 1485 talibus
444 1443 489 1484 in
520 1443 630 1485 locis
661 1456 977 1497 saepenumero
1009 1457 1106 1484 cum
1136 1441 1313 1484 amabili
1341 1457 1408 1484 re-

46 1515 141 1542 rum
171 1514 223 1541 ac
244 1499 556 1542 sententiarum
577 1498 857 1555 simplicitate
889 1505 1020 1553 atque
1050 1514 1249 1542 sermone
1278 1499 1408 1555 plane

46 1556 248 1612 populari
288 1556 588 1599 sollertissime
626 1556 776 1599 iuncta
815 1561 883 1598 est
920 1562 1052 1610 atque
1084 1556 1291 1613 copulata
1320 1557 1408 1599 sin-

46 1613 211 1670 gularis
244 1613 458 1668 quaedam
489 1614 721 1657 verborum
753 1613 1011 1667 sublimitas,
1043 1613 1287 1670 granditas,
1316 1629 1407 1656 ma-

47 1671 207 1725 iestas,
250 1677 300 1712 ut
330 1670 496 1725 oratio,
543 1671 696 1713 relicta
730 1670 899 1726 vulgari
930 1670 1143 1725 loquendi
1173 1676 1407 1713 consuetu-

46 1726 173 1781 dine,
214 1727 447 1783 aliquando
476 1733 685 1784 exsurgat
714 1727 845 1769 altius
877 1733 1010 1781 atque
1040 1727 1170 1769 etiam
1201 1727 1408 1770 maiorem

47 1783 277 1838 quemdam
318 1791 511 1827 assumat
541 1791 743 1827 ornatum
775 1798 826 1825 ac
858 1783 1163 1840 splendorem,
1196 1783 1407 1827 adhibitis

46 1841 178 1882 etiam
209 1840 406 1884 artificiis
434 1841 682 1895 rhetoricis,
716 1841 873 1896 quibus
905 1841 1135 1883 verborum
1167 1839 1302 1894 ordo,
1334 1856 1409 1897 pe·

49 1896 269 1939 riodorum
312 1903 554 1952 structura,
593 1913 869 1940 numerorum
909 1912 1069 1951 sonus,
1101 1897 1410 1941 insolentiores

48 1953 330 2008 efficiuntur,
382 1968 464 1996 nec
502 1954 649 1996 verbis
689 1959 733 1995 et
773 1953 1042 1995 dictionibus
1080 1953 1266 2009 poeticis
1305 1968 1408 1996 con-

47 2011 192 2052 temtis
231 2016 307 2052 aut
332 2010 560 2066 neglectis.
627 2008 754 2063 Quae
784 2008 960 2064 quidem
989 2010 1136 2052 omnia
1163 2024 1315 2053 rursus
1344 2016 1410 2053 ta-

49 2067 107 2108 lia
135 2073 252 2120 sunt,
284 2066 402 2108 unde
433 2066 636 2109 facillime
677 2066 804 2108 aliam
846 2081 1045 2108 caussam
1078 2066 1324 2124 intelligere
1355 2067 1408 2110 li-

49 2129 147 2166 ceat
183 2123 300 2166 illius
333 2123 627 2176 diversitatis,
659 2137 771 2178 quae
801 2123 916 2164 inter
945 2123 1119 2179 Legum
1150 2129 1195 2166 et
1223 2124 1407 2167 aliorum

49 2180 309 2237 scriptorum
355 2180 682 2223 Platonicorum
734 2178 909 2222 dicendi
968 2195 1107 2234 genus
1157 2180 1404 2224 intercedit.

49 2236 140 2280 Sed
179 2236 235 2278 ad
273 2236 385 2279 haec
424 2237 554 2279 etiam
594 2236 770 2278 tertium
809 2235 1015 2291 quiddam
1046 2236 1230 2279 accedit.
1291 2237 1408 2281 Sunt

49 2294 164 2335 enim
203 2293 256 2346 ii,
303 2293 378 2348 qui
416 2293 760 2336 sermocinantes
797 2292 1091 2347 inducuntur,
1131 2293 1177 2335 in
1206 2294 1406 2352 Legibus

49 2350 173 2404 tales,
204 2349 278 2405 qui
300 2365 433 2405 quum
449 2350 534 2406 ipsi
567 2364 692 2392 senes
710 2349 814 2404 sint,
845 2355 938 2391 tum
968 2350 1099 2392 etiam
1129 2351 1256 2394 senili
1287 2366 1406 2393 more

48 2405 236 2462 ideoque
274 2406 443 2462 prolixe
483 2413 527 2448 et
561 2406 689 2449 simul
733 2406 950 2448 communi
992 2406 1215 2450 hominum
1256 2407 1406 2463 captui

49 2462 374 2507 accommodate
405 2463 459 2506 de
488 2464 618 2507 rebus
648 2462 849 2505 civilibus
879 2463 1204 2517 colloquuntur.
1263 2464 1406 2506 Nimi-

50 2534 144 2561 rum
181 2520 435 2576 popularem
473 2520 603 2563 istam
641 2519 853 2563 sermonis
892 2520 1214 2576 simplicitatem
1268 2520 1405 2563 collo-

51 2576 286 2631 quentibus
315 2576 523 2620 tributam
551 2575 843 2643 philosophus
874 2575 965 2619 sine
995 2576 1130 2619 dubio
1162 2577 1202 2620 ei
1237 2577 1404 2619 civitati

51 2632 378 2676 convenientem
416 2649 510 2677 esse
549 2633 783 2686 iudicavit,
816 2648 926 2688 quae
957 2648 1045 2676 non
1077 2649 1100 2675 a
1132 2633 1404 2691 sapientibus
