1592 2872
450 107 530 150 DE
563 105 839 151 LEGIBUS
872 111 951 148 etc.
1253 104 1373 147 XIII

21 225 158 268 critici
203 224 332 265 etiam
371 228 532 264 rectam
572 219 862 275 subtilemque
901 219 1090 262 universi
1132 218 1375 275 argumenti

21 280 351 334 tractationem,
393 276 748 334 quandoquidem
790 277 896 319 nihil
926 278 1014 319 fere
1044 282 1144 333 apte
1175 275 1374 331 partibus

21 339 111 382 suis
159 337 442 393 descriptum,
470 335 576 378 nihil
613 335 729 376 iusto
761 334 913 376 ordine
945 333 1236 390 explicatum,
1266 331 1375 374 nihil

22 396 207 451 denique
245 410 299 437 ex
338 393 564 451 principiis
602 392 692 434 suis
729 397 939 446 tanquam
968 391 1164 434 fontibus
1195 389 1376 433 ductum

22 461 151 509 atque
176 452 408 509 repetitum
441 465 536 493 esse
576 447 805 504 conquesti
845 455 958 491 sunt.
1019 448 1254 490 Enimvero
1275 461 1375 490 cen—

22 515 201 553 suerunt
238 509 301 550 illi
338 510 379 563 *)
421 505 618 560 Platoni,
650 505 718 547 vel
751 505 898 560 potius
928 506 1080 562 ignoto
1110 505 1208 560 isti,
1249 519 1376 560 quem

23 567 266 620 finxerunt,
309 565 512 622 scriptori
550 563 594 605 in
635 562 697 604 rei
737 562 990 619 propositae
1020 562 1282 605 tractatione
1315 561 1377 604 sic

25 624 158 666 fuisse
197 621 481 675 versandum,
522 625 571 662 ut
609 620 653 661 in
690 620 834 675 priore
866 626 991 675 parte
1023 619 1170 675 operis
1201 619 1377 676 omnino

24 695 199 724 caussas
228 695 280 723 ac
309 677 522 736 principia
551 676 799 727 illustraret,
830 677 989 732 quibus
1019 676 1176 719 civitas
1206 676 1378 733 legibus

25 737 206 780 fundata
252 737 460 793 ipsaeque
508 734 628 791 leges
676 734 940 788 niterentur,
995 733 1188 789 itemque
1235 748 1379 775 rerum

25 793 300 837 definitiones
338 799 544 850 poneret,
576 791 622 834 in
652 791 893 848 posteriore
924 797 1070 834 autem
1098 791 1238 848 ipsam
1273 790 1379 832 civi-

23 858 157 894 tatem
197 857 328 906 atque
368 850 487 907 leges
529 864 580 891 eo
624 848 836 891 conderet
875 848 1031 903 modo,
1064 854 1128 903 ut,
1162 854 1378 904 quatenus

22 909 103 951 hae
143 908 197 951 ab
239 908 324 950 illis
366 906 771 964 proficiscerentur,
814 922 944 962 quam
972 906 1215 949 clarissime
1245 919 1381 961 appa-

25 971 158 1016 reret3
197 965 260 1007 ita
297 964 411 1007 enim
450 965 645 1006 futurum
676 964 836 1018 fuisse,
875 971 926 1006 ut
954 963 1208 1021 legumlatio
1241 961 1381 1005 omnis

26 1021 257 1065 videretur.
283 1021 338 1064 ad
378 1022 590 1064 rationem
631 1028 841 1076 tanquam
889 1022 1052 1064 fontem
1092 1028 1136 1064 et
1183 1035 1380 1063 caussam

26 1094 148 1122 suam
188 1085 392 1122 revocata
435 1093 547 1122 esse.
620 1083 839 1133 Apertum
878 1094 981 1122 vero
1020 1085 1113 1132 est,
1152 1078 1381 1120 Platonem

25 1152 127 1180 sane
170 1137 367 1193 potuisse
404 1151 495 1178 rem
533 1136 620 1178 isto
656 1135 786 1179 modo
825 1135 1075 1190 instituere,
1105 1135 1381 1190 tentavitque

28 1210 120 1236 eam
160 1194 273 1236 viam
313 1191 635 1249 quodammodo
675 1193 806 1236 etiam
845 1192 1003 1236 Cicero
1042 1193 1088 1235 in
1127 1208 1180 1236 eo
1230 1207 1381 1248 opere,

29 1249 147 1306 quod
185 1250 240 1293 de
278 1250 448 1307 legibus
492 1249 750 1306 composuit.
820 1249 911 1294 Sed
940 1256 1136 1308 apertum
1165 1250 1269 1293 item
1299 1256 1382 1303 est,

29 1322 241 1351 summum
281 1307 613 1364 philosophum,
656 1307 826 1350 etiamsi
863 1308 959 1363 ipse
990 1308 1114 1350 Libr.
1144 1307 1180 1350 I.
1212 1323 1254 1364 p.
1287 1308 1383 1349 632.

28 1365 84 1407 D.
124 1364 180 1406 E.
221 1363 351 1406 talem
402 1364 613 1407 rationem
661 1364 916 1422 designasse
965 1364 1190 1418 videatur,
1238 1371 1384 1407 tamen

27 1420 147 1465 aliud
174 1421 258 1464 iter
286 1421 532 1478 ingressum
562 1435 671 1472 esse,
702 1421 836 1477 idque
867 1422 998 1477 quale
1018 1422 1092 1477 sit,
1121 1422 1244 1479 prius
1266 1428 1384 1464 certe

28 1478 379 1536 investigandum
415 1479 522 1532 fuit,
574 1492 702 1533 quam
738 1493 895 1522 caussa
932 1495 1019 1522 non
1057 1480 1166 1522 satis
1207 1494 1259 1522 co
1293 1478 1386 1521 nita

27 1542 235 1593 protenus
255 1536 300 1578 in
330 1536 474 1591 ipsum
503 1536 683 1579 inertiae
705 1536 870 1580 crimen
889 1537 1191 1580 coniiceretur.
1251 1494 1386 1590 {uod

32 1594 68 1636 si
98 1593 153 1636 ab
183 1593 252 1647 iis,
286 1593 361 1649 qui
391 1592 446 1636 de
475 1608 526 1636 ea
556 1608 603 1637 re
631 1593 933 1651 disputarunt,
962 1594 1026 1637 ita
1053 1595 1219 1638 factum
1251 1600 1383 1647 esset,

33 1650 230 1708 profecto
269 1651 462 1693 futurum
492 1656 599 1705 erat,
632 1657 682 1694 ut
709 1651 796 1708 ipsi
828 1651 1094 1707 faterentur,
1125 1667 1224 1694 eum
1255 1666 1384 1707 quem

31 1713 212 1764 crepant
267 1709 372 1751 artis
424 1708 672 1765 neglectum
726 1723 878 1751 revera
927 1724 1022 1752 esse
1062 1709 1279 1752 Platonici
1320 1710 1386 1752 in-

30 1764 145 1823 genii
177 1772 221 1807 et
249 1765 491 1823 elegantiae
521 1772 679 1808 testem
708 1766 1112 1810 luculentissimum.

143 1845 308 1889 Verum
346 1860 451 1903 age,
485 1860 538 1888 ex
569 1846 701 1890 licare
744 1846 830 1888 iam
858 1861 1065 1889 conemur
1092 1861 1185 1890 rem
1212 1853 1386 1890 contro-

35 1916 202 1944 versam
241 1909 286 1944 et
326 1902 497 1959 plenam
567 1903 821 1947 issensionis
851 1904 964 1946 inter
993 1903 1190 1947 homines
1222 1904 1387 1947 doctis-

35 1959 190 2013 simos,
231 1957 309 2001 sed
351 1958 585 2014 aliquando
624 1966 771 2002 tamen
800 1959 1116 2017 dispiciendam
1146 1976 1198 2003 ac
1229 1960 1388 2004 diiudi-

34 2014 231 2058 candam.
291 2013 393 2069 Qua
423 2015 641 2058 illustrata
670 2016 842 2059 demum
861 2017 1055 2060 futurum
1086 2018 1183 2073 erit,
1216 2018 1388 2076 opinor,

36 2078 83 2115 ut
121 2072 175 2115 de
213 2072 406 2115 universi
435 2073 609 2128 operis,
648 2072 766 2129 quod
796 2079 865 2116 est
894 2073 948 2117 de
975 2074 1190 2132 Legibus,
1221 2082 1316 2119 arte
1347 2083 1391 2119 et

36 2128 348 2186 compositione
390 2129 551 2173 rectius
590 2130 730 2186 possit
771 2132 905 2174 statui
937 2138 982 2175 et
1010 2130 1217 2187 iudicari,
1260 2148 1388 2189 quam

37 2185 180 2229 adhuc
215 2185 380 2230 factum
419 2185 640 2242 videmus,
679 2187 894 2243 siquidem
930 2189 1127 2246 plerique
1167 2206 1315 2234 omnes
1345 2190 1391 2234 in

36 2258 88 2286 ea
125 2243 301 2286 fuerunt
343 2245 555 2287 sententia
570 2277 583 2299 ,
615 2251 665 2288 ut
694 2244 886 2301 ordinem
920 2247 1312 2305 argumentationis
1344 2249 1389 2291 in

36 2315 89 2343 eo
119 2299 250 2358 plane
278 2299 516 2345 desiderari
547 2302 856 2346 existimarent.

154 2393 303 2447 Atque
342 2392 451 2435 illud
489 2393 664 2449 quidem
703 2399 747 2436 et
774 2401 924 2437 notum
953 2396 1060 2438 satis
1089 2395 1220 2438 hodie
1249 2403 1315 2440 est
1346 2404 1390 2439 et

44 2463 69 2489 a
109 2448 236 2492 nobis
274 2449 383 2506 ipsis
413 2450 498 2493 alio
540 2450 638 2494 loco
687 2449 1056 2507 demonstratum,
1097 2451 1154 2495 ad
1194 2453 1392 2497 Platonis

43 2502 240 2563 dialogos
286 2512 403 2550 recte
440 2506 748 2565 intelligendos
792 2509 918 2567 plane
957 2524 1054 2554 esse
1083 2511 1391 2567 necessarium,

88 2687 122 2726 *)
147 2687 243 2721 Fecit
269 2689 333 2722 hoc
359 2690 514 2731 inprimis
541 2692 740 2726 zellerus
768 2693 866 2727 Stud.
894 2694 984 2729 Plat.
1010 2705 1043 2735 Ρ.
1068 2695 1124 2729 29.
1150 2694 1205 2729 30.
1231 2694 1285 2729 34.
