1644 2886
221 94 304 137 DE
335 93 610 138 LEGIBUS
644 94 763 137 [ΑΒ.
799 93 877 136 V1.
909 93 955 136 P.
989 95 1082 136 783.
1117 92 1180 136 St.
1315 95 1397 136 229

53 217 229 272 ρᾶσθαι
275 220 492 271 κατέχειν,
536 213 666 272 φόβῳ
710 216 783 257 καὶ
830 212 952 269 νόμῳ
1001 214 1074 256 καὶ
1126 215 1185 268 τῷ
1227 212 1398 266 ἀληθεῖ

51 283 192 337 λόγῳ,
241 289 598 339 προςχρωμὲνους
645 288 796 336 μέντοι
841 279 1047 330 Μούσαις
1091 296 1135 324 τε
1170 283 1244 325 καὶ
1279 280 1397 335 ἀγω-

51 354 183 394 νίοισι
202 351 346 400 θεοῖς,
382 348 659 404 σβεννύντων
691 348 776 402 τὴν
812 347 951 402 αὔξην
986 364 1030 391 τε
1061 350 1134 391 καὶ
1161 346 1389 407 ἑπιρῥοήν.

151 419 332 460 Παίὸων
367 419 413 459 δὲ
449 416 502 469 δὴ
537 422 702 471 γένεσιν
738 415 847 472 μετὰ
888 415 991 465 τοὺς
1025 413 1195 469 γάμους
1220 417 1393 473 θῶμεν,

49 581 154 615 codd.
179 591 246 615 non
272 581 432 614 omnibns
458 584 617 624 repertus
643 580 756 614 fuerit.
805 579 891 614 Nam
918 580 1127 622 adscriptum
1153 575 1198 608 ibi
1226 577 1260 607 in
1286 583 1393 616 marg.

50 632 124 662 est:
147 629 181 661 ἔν
204 640 276 660 τισι
299 630 367 660 τῶν
390 625 611 670 ἐπιγράφων
635 630 776 670 φέρεται
796 626 853 658 καὶ
876 629 1000 660 ταῦτα.
1047 623 1216 658 Similiter
1239 622 1272 654 in
1288 630 1396 662 marg.

50 674 143 709 Flor.
167 673 199 706 δ.
226 674 260 706 lv
284 686 353 706 τισι
378 677 444 705 τῶν
466 671 684 717 ἀντιγράφων
709 676 823 706 ταῦτα
846 672 910 714 ου’,
944 675 1086 715 φέρεται
1109 667 1180 703 ἀπὸ
1212 670 1277 700 τοῦ
1300 668 1394 698 παί-

48 721 129 755 δων
154 718 200 760 δὴ
227 724 395 762 γένεσιν
417 723 521 762 μέχρι
544 721 612 751 τοῦ
635 717 892 764 διακελεύῃε
919 717 1066 754 καλῶς.
1105 716 1199 762 ΡΙρτ.
1225 725 1255 747 a.
1283 722 1390 754 marg.

48 765 109 800 ἄπ’
143 760 209 799 05:5⁶
242 766 276 797 fv
308 778 378 798 τισι
409 768 475 797 τῶν
504 763 724 807 ἀντιγράφων
754 766 897 808 φέρεται
928 767 1041 796 ταῦτα
1064 762 1122 801 ἕως
1146 762 1223 795 ὧδε.
1270 759 1327 792 De
1351 769 1394 790 00

49 811 127 856 quid
153 811 369 844 iudicandum
397 811 460 851 sit,
493 811 579 844 infra
613 810 864 853 disputavimus
888 812 921 844 in
945 810 1176 844 enarratione.
1227 806 1391 839 Ceterum

49 857 88 893 δὲ
109 862 191 902 post
216 858 357 891 Παίδων
380 857 536 890 additum
563 868 606 890 ex
631 856 711 889 Par.
741 860 779 890 Α.
811 867 916 901 marg.

49 994 176 1034 viris,
225 1003 273 1026 an
317 994 450 1027 etiam
497 995 687 1028 mulieri-

49 1041 126 1072 bus
151 1040 206 1072 sit
240 1044 558 1073 consentanea.
610 1041 688 1074 Pa-

50 1087 160 1119 riter
185 1087 317 1118 etiam
350 1096 417 1127 ea,
445 1096 554 1128 quae
580 1089 686 1130 legi-

51 1133 129 1164 bus
160 1132 210 1164 de
241 1131 314 1164 hac
352 1142 398 1164 re
440 1132 689 1166 scribendis

50 1176 316 1211 antecedere
376 1177 548 1217 debent,
607 1190 689 1212 suo

51 1233 249 1266 quaeque
282 1224 380 1256 ioco
414 1227 685 1259 constituen—

50 1276 119 1302 tur
148 1274 192 1302 et
223 1270 509 1310 syssitiorum'
540 1273 683 1305 mulie-

51 1317 188 1349 brium
242 1316 454 1349 rationem
505 1320 682 1351 veluti

51 1362 386 1404 praeparabunt.
467 1365 684 1400 Quocirca

49 1407 162 1447 illic,
210 1416 320 1448 quae
366 1407 432 1440 hic
477 1412 682 1452 exposui-

50 1463 160 1493 mus,
207 1455 460 1487 meminisse
489 1455 682 1497 iuvabit,

48 1499 344 1542 inprimisque
375 1500 487 1534 utile
513 1505 596 1536 erit
621 1507 682 1536 te-

48 1546 216 1585 nuisse,
249 1546 359 1588 quod
395 1548 518 1581 modo
543 1550 680 1592 signi-

48 1591 308 1632 ficavimus,
345 1593 431 1626 tria
468 1605 565 1628 esse
602 1606 680 1628 ma-

47 1639 172 1678 xime,
196 1648 302 1679 quae
325 1639 365 1671 in
382 1640 575 1681 regenda
600 1651 683 1674 mo-

48 1694 134 1718 rum
161 1684 408 1727 disciplina
433 1687 684 1728 respicien-

48 1729 98 1763 da
128 1730 236 1771 sint,
273 1731 360 1764 cibi
398 1731 683 1772 desiderium,

47 1780 177 1819 potus
224 1777 492 1819 appetitum,
542 1785 584 1819 et
621 1790 684 1813 re·

47 1833 138 1856 rum
187 1833 463 1857 venerearum
521 1826 684 1868 cupidi-

48 1873 193 1902 tatem.
249 1868 417 1902 Etenim
452 1881 498 1903 ex
532 1870 596 1904 his
621 1882 684 1905 re-

49 1916 129 1948 bus
153 1915 436 1948 communium
460 1919 684 1951 convivio-

48 1971 152 1999 rum,
177 1971 196 1993 a
222 1961 327 1993 viris
358 1962 530 2003 pariter
553 1969 686 2006 atque

49 2007 313 2040 mulieribus
338 2009 684 2050 celebratorum,

49 2054 272 2087 elucescet
314 2053 500 2088 utilitas
543 2062 583 2088 et
617 2055 682 2089 ho-

49 2103 210 2132 nestas.
258 2100 415 2133 Verum
450 2102 556 2134 enim
584 2112 684 2135 vero

50 2146 266 2178 mittamus
307 2155 433 2185 nunc,
478 2158 591 2189 quae
629 2148 684 2181 de

50 2192 243 2224 virorum
270 2197 310 2224 et
333 2194 560 2228 mulierum
587 2204 681 2227 cou-

50 2237 187 2270 viriis
211 2240 514 2273 communibus
538 2240 682 2272 dicen-

51 2284 100 2316 da
130 2284 238 2324 sint3
277 2286 502 2319 veniamus
531 2288 683 2330 potius

50 2329 99 2362 ad
125 2331 256 2372 leges,
279 2330 436 2372 quibus
461 2335 558 2366 novi
585 2343 682 2366 con-

51 2376 172 2417 iuges
209 2375 554 2420 edoceantur,
598 2389 682 2421 quo

52 2425 182 2462 pacto
235 2421 401 2466 lib-eros
451 2425 681 2468 procreari

53 2470 270 2507 oporteat.
304 2468 344 2501 Ρ.
377 2470 456 2506 783.
492 2474 532 2504 Α.
568 2491 604 2495 -
642 2472 682 2504 D.

55 2511 151 2544 naec
176 2515 230 2544 est
253 2513 374 2556 igitur,
409 2522 570 2559 quantum
604 2528 683 2559 pos·

54 2566 173 2590 sumus
198 2556 359 2600 iudicare,
379 2563 411 2595 in
427 2564 591 2606 proximis
616 2564 683 2596 dis-

53 2603 242 2644 putationis
274 2610 472 2647 progressio
501 2616 536 2644 et
561 2609 685 2643 cohae-

57 2649 176 2684 rwtia.
224 2649 300 2687 Qun
326 2655 509 2696 patefacta,
537 2657 684 2699 primum

58 2693 200 2735 singuiis
240 2695 355 2729 verbis
394 2701 689 2743 interpretationis

756 997 866 1028 lucem
892 993 1160 1030 admoveamus;
1187 988 1312 1022 deinde
1337 997 1393 1019 ve-

756 1052 795 1074 ro
833 1041 952 1084 paucis
991 1038 1189 1077 videamus,
1229 1034 1310 1077 quid
1350 1033 1393 1066 de

755 1089 955 1120 criticorum
1014 1084 1150 1117 iudiciis
1202 1081 1393 1116 existimari

756 1135 894 1167 debeat.
942 1133 1067 1172 Itaque
1088 1131 1233 1172 primum
1253 1126 1391 1170 quidem

756 1181 865 1214 teneri
890 1182 1048 1221 oportet,
1071 1176 1151 1209 inde
1174 1176 1217 1208 ab
1242 1173 1292 1207 his
1314 1182 1390 1205 ver-

756 1228 807 1259 bis
847 1231 926 1268 post
966 1223 1154 1265 longiorem
1203 1221 1391 1263 digressio·

754 1283 830 1306 nem
859 1271 962 1305 rediri
982 1270 1121 1302 tandem
1137 1268 1180 1302 ad
1201 1266 1390 1309 superiora.

751 1319 861 1352 Cuius
887 1318 935 1350 rei
963 1316 1129 1349 indicium
1156 1314 1289 1347 faciunt
1314 1322 1391 1355 par—

751 1367 875 1398 ticulae
906 1364 943 1396 δὲ
983 1361 1038 1402 δή.
1092 1362 1194 1394 Solet
1228 1360 1318 1393 enim
1356 1359 1394 1390 δι’

752 1417 788 1444 et
813 1412 851 1444 δέ
872 1409 912 1450 δή
935 1414 1014 1452 post
1040 1409 1231 1449 longiorem
1259 1405 1390 1438 oratio*

750 1459 801 1491 nis
825 1455 1115 1497 intercapedinem
1142 1452 1317 1494 usurpari,
1343 1452 1388 1483 si-

749 1505 827 1537 cubi
851 1503 1075 1543 significatim
1100 1501 1268 1533 orationis
1286 1499 1395 1533 filum.

749 1555 848 1583 autea
874 1549 1125 1588 intermissum,
1152 1546 1266 1580 denuo
1291 1555 1388 1578 resu-

749 1598 806 1630 mi.
840 1606 870 1628 ν.
908 1593 1117 1627 Matthiae
1149 1593 1213 1626 Gr.
1249 1592 1280 1634 ξ.
1308 1591 1386 1626 616.

749 1643 782 1678 4.
831 1641 964 1675 Eodem
999 1640 1105 1673 niodo
1137 1639 1213 1673 sed
1245 1649 1267 1672 a
1289 1638 1387 1671 Iasti-

750 1691 803 1722 nis
826 1688 984 1729 usurpari
1012 1691 1158 1719 constat.
1199 1686 1249 1719 De
1273 1685 1385 1728 τροφὴ

750 1735 808 1767 καὶ
831 1734 970 1767 παιδεία
997 1734 1180 1766 coniuncto
1212 1733 1301 1765 satis
1325 1732 1392 1764 erit

751 1781 914 1814 laudasse
934 1780 1031 1813 ‘Crit.
1058 1790 1092 1822 p.
1119 1779 1174 1814 45.
1199 1779 1241 1811 E.
1267 1778 1325 1813 50.
1351 1778 1391 1810 D.

753 1829 796 1863 E.
827 1828 939 1867 Legg.
973 1827 1036 1858 XI.
1069 1836 1102 1867 p.
1135 1826 1215 1860 927.
1244 1825 1283 1858 B.
1309 1824 1389 1859 926.

753 1875 795 1907 E.
831 1873 936 1905 Polit.
970 1884 1001 1914 p.
1028 1871 1109 1906 274.
1141 1874 1180 1904 A.
1215 1871 1318 1911 Reip.
1345 1870 1390 1903 H.

753 1932 785 1963 p.
819 1919 900 1954 376.
935 1918 974 1950 D.
1009 1918 1146 1951 Menex.
1180 1928 1212 1961 p.
1238 1917 1319 1952 237.
1345 1919 1390 1949 A.

753 1965 867 1999 Alcib.
900 1964 928 1996 1.
957 1975 989 2006 p.
1016 1964 1095 1998 122.
1125 1964 1163 1996 Β.
1219 1963 1390 1996 Nimirum

752 2013 898 2044 alterum
934 2015 1071 2053 spectat
1100 2010 1313 2052 potissimum
1349 2009 1391 2042 ad

753 2062 970 2091 externae
1001 2058 1120 2089 vitae
1151 2057 1317 2089 cultum
1349 2061 1394 2089 et

753 2103 1146 2143 educationem,
1171 2104 1316 2136 alterum
1345 2102 1390 2135 ad

752 2150 1037 2192 disciplincm
1072 2154 1114 2182 et
1139 2150 1272 2182 animi
1298 2159 1390 2182 eru-

751 2196 978 2229 ditionem.
1041 2195 1126 2229 Dein
1174 2193 1270 2228 οὔιω
1316 2201 1389 2230 est:

752 2243 830 2276 hoc
861 2253 1002 2276 rerum
1049 2242 1201 2275 ordine
1239 2242 1388 2276 obser-

751 2293 863 2322 vato.
922 2289 991 2321 Pro
1023 2286 1046 2320 ὅ
1075 2300 1118 2320 τε
1162 2287 1271 2330 νόμος
1309 2287 1390 2332 ἡμῖν

749 2334 888 2371 *ἕκασιος
918 2335 1099 2377 legendum
1123 2333 1273 2367 sortasse
1300 2334 1324 2366 δ’
1345 2347 1389 2378 γε

749 2379 856 2423 νόμος
888 2379 969 2424 ἡμῖν
1006 2379 1158 2414 ἕκαστος.
1216 2381 1306 2414 Nam
1346 2393 1389 2413 ἰε

749 2426 842 2459 istud
891 2436 1058 2468 quorsum
1106 2427 1282 2469 pertineat
1327 2433 1389 2460 aut

750 2472 927 2515 quomodo
961 2473 1201 2515 explicandum
1234 2475 1298 2513 sit,
1334 2474 1389 2507 vix

751 2519 928 2561 quisquam
946 2520 1080 2552 dixerit.
1129 2519 1205 2551 Nisi
1230 2519 1322 2554 forte
1346 2530 1388 2554 ex

753 2565 957 2598 anacolutlio
997 2565 1100 2597 habet
1137 2565 1386 2599 defensionem.

755 2613 805 2645 De
829 2621 897 2653 quo
924 2617 1044 2654 postea
1060 2612 1207 2644 dicetur.
1257 2612 1387 2646 Verba=

754 2658 952 2700 περαίνοιτο
983 2658 1028 2695 εἰς
1055 2657 1309 2702 τοῦμπροσθεν
1331 2660 1389 2692 ἐπὶ

757 2704 929 2744 Simulum,
956 2702 1018 2737 hoc
1044 2703 1251 2746 significant:
1278 2709 1386 2739 'una-
