1644 2886
273 105 353 143 ‘246
705 96 1157 141 ARGUMENTUM

271 212 524 277 propulsare
554 210 722 265 possint
748 209 810 263 (p,
839 209 934 250 813.
964 207 1016 248 B.
1038 232 1091 238 —
1112 208 1207 249 814.
1238 206 1324 261 Q).
1356 230 1410 237 —-
1465 206 1605 249 Missa

272 282 356 309 lam
397 266 449 307 de
487 266 605 307 lucta
655 263 969 318 disputatione,
1018 261 1346 320 progrediamur
1399 262 1602 304 continuo

275 322 329 363 ad
359 322 567 375 reliquam
597 319 788 375 corporis
817 318 1062 371 motionem,
1095 332 1204 372 quae
1234 316 1448 360 communi
1476 317 1604 358 salta-

274 377 402 418 tionis
433 375 603 417 nomine
633 374 899 430 designatur.
958 373 1071 416 Sunt
1093 388 1192 415 vero
1223 373 1308 415 duo
1338 372 1606 428 potissimum

274 432 519 473 saltationis
559 445 742 486 genera,
782 429 976 472 militaris
1017 429 1189 471 saltatio
1221 426 1506 484 (pyrrhich
1524 429 1601 482 a),

275 493 318 528 et
354 487 527 528 saltatio
570 486 846 541 temperatior
884 500 935 526 ac
976 484 1179 538 sedatior,
1210 485 1301 526 sive
1333 482 1604 525 emmelia:

275 557 403 596 quam
441 548 664 595 utramque
702 542 846 597 legum
886 546 1035 581 auctor
1071 540 1259 582 consiliis
1301 539 1390 581 suis
1438 552 1606 579 accom-

274 598 489 641 modatam
525 597 674 647 faciet3
723 597 866 653 legum
895 595 1096 638 custodes
1136 610 1254 648 vero,
1304 609 1358 636 ne
1405 593 1605 635 novando

275 653 548 707 depravetur,
580 652 730 695 sedulo
762 652 976 694 cavebunt
1006 652 1065 706 (p.
1096 652 1191 693 814.
1224 650 1274 692 C.
1306 674 1360 680 -
1383 649 1479 692 816.
1511 648 1605 703 D.).

275 734 328 739 —
366 709 434 750 Ex
465 709 619 750 ceteris
652 708 893 750 saltationis
923 706 1152 762 generibus
1181 703 1456 747 memoranda
1483 718 1606 758 prae-

273 772 391 805 terea
429 770 496 806 est
524 764 697 805 saltatio
729 762 1033 804 comoedorum
1063 770 1107 803 et
1137 761 1464 816 tragoedorum,
1497 774 1605 813 quae

274 819 447 873 quidem
486 820 530 860 in
576 819 748 861 civitate
787 825 934 860 nostra
975 833 1059 858 non
1101 823 1165 858 est
1193 815 1392 868 ferenda,
1433 814 1516 856 nisi
1544 815 1607 855 illi

273 881 408 916 artem
435 890 554 916 suam
586 874 863 929 probaverint
894 873 1216 928 magistratibus
1250 873 1310 926 (p.
1344 871 1438 913 816.
1469 869 1526 909 D.
1552 893 1607 900 -

273 931 370 972 817.
389 930 477 983 R).
510 954 563 960 —
620 930 803 971 Restant
833 928 973 970 adhuc
1004 935 1090 969 tres
1122 927 1388 981 disciplinae,
1422 939 1530 979 quae
1552 925 1604 966 ab

272 985 470 1041 ingenuis
509 985 752 1027 hominibus
791 991 891 1026 sunt
930 983 1182 1036 discendae,
1223 997 1291 1023 ars
1337 980 1604 1033 numerandi,

273 1055 342 1084 ars
380 1040 598 1094 metiendi,
630 1047 673 1082 et
713 1039 1000 1092 astronomia,
1043 1052 1148 1092 quas
1189 1037 1268 1079 etsi
1308 1052 1394 1078 non
1424 1042 1607 1090 possunt

274 1111 421 1138 omnes
452 1097 696 1138 accuratius
726 1094 993 1146 condiscere,
1024 1099 1167 1135 tamen
1185 1093 1430 1147 potissimas
1461 1105 1634 1132 earum-

272 1157 416 1207 partes
454 1152 626 1206 penitus
664 1152 862 1208 ignorare
901 1157 1027 1204 turpe
1074 1149 1281 1191 videatur.
1340 1146 1606 1200 Numerandi

272 1207 408 1263 igitur
445 1221 514 1247 ars
557 1222 581 1247 a
619 1207 764 1262 pueris
805 1205 1012 1248 discenda
1050 1211 1139 1258 est,
1180 1204 1380 1258 quoniam
1422 1198 1605 1243 maxima

272 1262 373 1304 inde
413 1261 468 1303 ad
506 1263 643 1316 ipsam
681 1262 815 1304 vitam
852 1260 1066 1303 redundat
1095 1261 1281 1312 utilitas,
1315 1273 1365 1300 ac
1392 1263 1511 1299 tanto
1541 1257 1604 1298 fa·-

273 1318 397 1360 cilius
435 1333 486 1358 ea
523 1318 683 1372 poterit
720 1319 773 1360 ab
812 1317 864 1359 iis
904 1316 1092 1372 percipi,
1135 1330 1221 1368 quo
1264 1315 1387 1368 plura
1428 1312 1483 1353 ad
1513 1327 1604 1354 eam

271 1388 361 1415 rem
381 1374 555 1414 inventa
576 1379 674 1414 sunt
694 1373 893 1414 ludorum
911 1371 1184 1423 adminicula,
1207 1370 1350 1424 pueris
1370 1383 1604 1422 sanequam

272 1429 514 1470 utilissima.
584 1428 636 1469 In
676 1428 878 1469 metiendi
929 1433 1020 1468 arte
1059 1441 1187 1481 porro
1230 1430 1401 1479 oportet
1445 1438 1604 1478 pueros

271 1485 454 1526 maxime
492 1498 755 1538 cognoscere
786 1498 857 1535 ea,
890 1497 999 1535 quae
1030 1488 1219 1523 mutuam
1247 1480 1407 1521 habent
1433 1493 1602 1520 mensu-

271 1555 377 1592 ram,
409 1554 463 1579 ne
494 1540 609 1592 turpi
629 1540 673 1579 in
704 1539 832 1580 rebus
854 1536 1099 1578 iudicandis
1130 1551 1270 1577 errore
1302 1535 1528 1586 ducantur,
1559 1534 1602 1575 in

272 1608 359 1647 quo
398 1599 623 1635 versantur
657 1594 828 1648 plurimi
871 1594 940 1647 (p.
981 1594 1072 1632 817.
1114 1593 1165 1634 E.
1194 1616 1248 1622 —-
1281 1592 1373 1631 820.
1413 1590 1509 1642 E.)
1550 1614 1602 1619 -—

271 1649 474 1703 Denique
515 1648 642 1690 etiam
693 1648 880 1690 siderum
929 1647 1084 1688 notitia
1133 1647 1276 1701 pueris
1323 1644 1604 1699 impertienda

271 1711 350 1747 est.
422 1703 563 1756 Quam
603 1703 719 1757 quod
751 1703 882 1759 vulgo
912 1707 1069 1756 putant
1094 1702 1321 1756 religiosae
1350 1700 1500 1755 pietati
1528 1700 1603 1741 ad-

270 1760 457 1811 versari,
500 1758 710 1800 ridiculus
748 1759 875 1814 plane
914 1759 949 1799 is
980 1772 1099 1798 error
1131 1763 1207 1800 est.
1265 1756 1358 1796 Imo
1387 1755 1501 1797 valet
1530 1756 1603 1796 illa

271 1815 364 1857 sine
395 1815 526 1856 dubio
578 1829 644 1867 eo,
682 1820 730 1855 ut
770 1814 823 1856 de
861 1813 944 1854 diis
985 1812 1266 1865 coelestibus,
1301 1810 1430 1864 Sole,
1461 1811 1600 1862 Luna,

272 1871 382 1922 aliis,
423 1870 580 1911 rectius
622 1870 851 1924 veriusque
889 1874 1127 1911 statuamus
1158 1882 1296 1922 neque
1343 1881 1420 1920 pro
1467 1866 1601 1907 stellis

271 1926 513 1967 errantibus
551 1925 808 1978 habeamus,
858 1938 967 1978 quae
1006 1938 1093 1964 non
1134 1929 1236 1964 sunt
1273 1927 1486 1974 errantes,
1524 1921 1602 1962 sed
1643 1943 1644 1946 =

274 1988 393 2023 certo
431 1981 585 2022 itinere
625 1980 878 2036 procedunt.
948 1979 1043 2021 Nec
1089 1993 1191 2020 vero
1242 1977 1458 2019 difficilem
1506 1991 1600 2018 esse

269 2036 420 2078 harum
459 2051 598 2077 rerum
638 2036 952 2092 cognitionem,
982 2034 1051 2076 vel
1082 2049 1134 2075 ex
1169 2048 1219 2075 eo
1249 2037 1451 2088 apparet,
1485 2031 1601 2085 quod

269 2092 365 2146 ipse
404 2106 501 2134 sero
541 2090 711 2132 demum
750 2106 830 2133 nec
875 2099 973 2131 ante
1010 2089 1189 2131 multum
1227 2094 1396 2141 tempus
1433 2087 1599 2128 illarum

269 2147 450 2188 scientia
487 2147 678 2188 imbutus
714 2162 807 2189 sum
847 2147 921 2201 (p.
960 2146 1054 2188 820.
1095 2144 1149 2186 E.
1189 2169 1241 2174 -
1273 2145 1366 2185 8⁶22.
1408 2141 1504 2196 C.).
1546 2167 1599 2172 —

269 2201 358 2245 Sed
386 2202 494 2243 haec
523 2202 732 2244 hactenus
765 2202 818 2243 de
849 2201 1028 2256 puerilis
1051 2199 1330 2242 institutionis
1347 2198 1598 2239 rationibus.
1642 2199 1643 2202 ’

266 2256 443 2299 Addere
484 2272 587 2299 vero
617 2257 684 2299 his
711 2258 878 2312 placet,
924 2256 977 2297 de
1015 2256 1241 2297 venatione
1273 2254 1376 2307 quid
1408 2259 1599 2295 statuen-

269 2312 370 2354 dum
400 2313 470 2354 sit.
529 2315 675 2367 Atque
704 2313 774 2355 hic
805 2326 975 2366 quoque
1005 2312 1121 2353 valet
1149 2324 1297 2352 rursus
1326 2308 1443 2363 quod
1473 2314 1599 2350 antea
1643 2319 1644 2322 ’

266 2368 311 2409 in
356 2368 485 2410 simili
528 2383 682 2410 caussa
722 2368 1032 2419 iudicavimus,
1073 2381 1160 2408 non
1198 2365 1340 2406 omnia
1377 2378 1508 2419 posse
1537 2364 1597 2405 le·
1640 2397 1644 2414 2„

267 2422 393 2478 gibus
433 2423 617 2478 publicis
659 2424 850 2474 definiri,
903 2422 979 2464 sed
1028 2436 1121 2464 esse
1160 2420 1345 2462 medium
1393 2418 1596 2474 quiddam
1640 2463 1644 2472 Ἰ,

266 2479 379 2520 inter
413 2478 530 2534 leges
569 2484 613 2520 et
650 2478 1004 2530 admonitionem,
1046 2491 1130 2530 quo
1170 2476 1312 2531 legum
1348 2475 1475 2516 latori
1509 2490 1595 2516 non
1639 2484 1644 2518 ’1

266 2547 363 2575 raro
402 2533 607 2576 utendum
649 2535 717 2576 sit.
787 2534 958 2575 Etenim
1001 2531 1169 2573 venatio
1202 2546 1332 2586 quum
1362 2535 1506 2585 pateat
1534 2530 1594 2571 la·
1643 2534 1644 2542 ³

266 2589 453 2636 tissime,
487 2588 833 2643 quandoquidem
867 2604 948 2629 non
981 2587 1117 2629 solum
1159 2586 1433 2640 aquatilium,
1476 2586 1591 2628 vola-
