1644 2886
217 76 299 120 DE
332 74 609 127 LEGIBUS
642 73 760 116 121ss.
794 74 848 116 V.
883 74 930 115 P.
965 75 1059 117 736.
1092 74 1158 117 St.
1339 74 1394 115 45

23 186 158 258 ὲηάσῃ
193 196 439 256 κατασκευῇ
475 195 688 256 πολιτικῇ.
725 192 780 236 τὰ
819 193 860 236 δ’
903 197 1075 250 ἐπείπερ
1102 190 1216 248 λόγῳ
1239 190 1271 248 γ’
1303 194 1396 236 ἐστὶ

40 264 95 307 τὰ
141 265 223 307 νῦν
261 261 359 306 ἀλλ’
412 263 494 306 οὐκ
538 267 647 319 ἔργῳ
697 261 1006 319 πραττόμενα,
1039 257 1313 317 πεπεράνθω
1348 275 1394 302 τε

22 328 146 389 χήμῖν
183 329 211 384 ἡ
246 328 432 385 ξυλλογὴ
469 334 540 373 καὶ
573 328 691 372 κατὰ
738 331 848 373 νοῦν
891 327 918 382 ἡ
955 327 1220 386 καθαρότης
1254 327 1396 380 αὐτῆς

22 393 146 444 Ξἔστω
181 399 497 456 ξυμβεβηκυῖα·
534 395 639 448 τοὺς
674 395 764 453 γὰρ
796 394 961 447 κακοὺς
1006 398 1092 439 τῶν
1131 395 1397 452 ὲπιχειρούν·

19 484 128 511 ιτων
167 470 226 517 εἰς
261 463 345 518 τὴν
388 468 470 509 νῦν
504 465 635 509 πόλιν
669 462 728 515 ὠς
761 467 1157 519 πολιτευσομένους
1190 463 1394 516 ξυνιέναι,
1424 471 1461 515 C

19 532 199 579 ’πειθοῖ
231 533 351 594 πασῃ
386 536 458 575 καὶ
498 533 634 588 ἱκανῷ
664 528 814 589 ’χρόνῳ
852 533 1262 588 διαβασανίσαντες,
1299 535 1393 589 δια-

40 601 300 657 κωλύσωμεν
333 600 645 659 ἀφικνεῖσθαι,
665 597 771 649 τούς
789 598 833 642 δ’
861 598 1075 656 ἀγαθοὺς
1111 603 1171 650 εὶς
1206 598 1397 656 δύναμιν

38 670 229 727 εὐμενεῖς
263 666 361 723 ἵλεῴ
399 685 443 710 τε
480 666 825 724 προςαγώμεθα.

18 783 19 789 ,
142 734 253 798 Cap.
291 731 424 779 VIII.
497 733 608 778 Τόδε
655 737 700 778 δὲ
735 733 792 791 μὴ
831 737 1097 778 λανθανέτω
1134 733 1396 790 γιγνόμενον

16 804 159 862 ἡμᾶς
191 803 428 860 εὐτύχημα,
463 801 546 853 ὅτι,
568 801 782 859 καθάπερ
816 802 995 857 εἴπομεν
1030 802 1114 855 τὴν
1149 805 1239 845 τῶν
1257 800 1399 858 Ἠρα-

15 874 220 919 ’κλειδῶν
263 869 476 914 ἀποικίαν
520 870 736 927 εὐτυχεῖν,
772 867 830 922 ὠς
874 873 956 926 γῆς
1001 873 1074 914 καὶ
1105 872 1248 928 χρεῶν
1283 870 1399 914 ἀπο-

135 1028 181 1062 τᾰ
204 1025 238 1061 δ’
263 1027 438 1071 ἐπείπερ
463 1027 576 1071 λόγῳ
603 1027 666 1071 γε]
693 1029 937 1062 scribebatur:
954 1024 1193 1071 ἄλλ’ἒπείπερ.
1234 1026 1304 1061 Sed
1320 1025 1398 1060 τάδ’

44 1070 180 1119 ’ἐπείπερ
204 1077 250 1108 A.
276 1076 317 1108 B.
343 1073 380 1110 Ξ.
409 1087 441 1107 v.
467 1075 501 1107 h.
525 1086 555 1108 a.
587 1086 615 1107 c.
643 1074 672 1107 δ.
694 1077 732 1107 '0.
757 1086 792 1107 x.
818 1076 844 1108 f.
870 1086 898 1108 r.

46 1125 143 1166 quod
174 1123 298 1155 Bastio
337 1126 426 1153 teste
462 1122 596 1163 liquido
640 1123 807 1164 scriptum
845 1126 943 1154 extat
980 1123 1016 1153 in
1048 1131 1099 1163 pr.
1141 1119 1180 1154 Ω.

951 1076 1070 1117 ltaque
1099 1075 1259 1108 dedimus
1286 1072 1325 1108 τὰ
1349 1071 1399 1115 δ’,

1235 1120 1398 1154 Ceterum

46 1169 253 1203 Schneideri
279 1178 408 1210 operae
434 1169 587 1209 πολιτικῇ
612 1173 694 1210 post
719 1168 911 1209 κατασκευῇ
934 1169 1141 1200 omiserunt.

138 1215 180 1248 C.
230 1215 326 1258 ἵλεῳ
352 1224 391 1246 τε
416 1215 619 1257 προςαγ.]
649 1216 730 1249 Ven.
757 1214 796 1250 Ξ.
821 1220 856 1247 et
880 1215 976 1247 Flor.
1002 1225 1031 1247 c.
1057 1214 1166 1247 ἵλεως.

49 1351 87 1384 V.
114 1363 148 1395 p.
169 1351 250 1388 470.
274 1351 328 1384 D:
357 1352 478 1385 σκόπει
503 1350 555 1395 δή,
581 1348 686 1389 εἶπον,

47 1394 173 1431 ὅτι”ἐν
197 1399 238 1440 τῇ
261 1399 326 1431 νῦν
360 1397 494 1437 στάσει,
519 1398 581 1431 ἐὰν
611 1397 691 1439 ἑκάς

46 1455 137 1487 τεροι
159 1444 358 1486 ἐπαφῶσιν,
387 1444 441 1478 ὥς
467 1442 689 1489 ἀλιτηριώδης

47 1487 203 1524 treniaci
235 1488 255 1534 ἡ
288 1489 404 1525 στάσις
434 1489 535 1531 εἶναι,
562 1493 621 1525 ubi
656 1504 686 1524 v.

45 1547 127 1571 ann.
187 1538 235 1570 Et
279 1539 331 1571 sic
376 1537 429 1572 ὅτι
473 1540 686 1581 geminatum

47 1584 247 1627 Xenoph.
274 1586 390 1618 Anah.
419 1586 457 1618 V.
477 1586 509 1626 6,
527 1587 581 1620 15».
613 1585 684 1617 vll.

46 1629 81 1671 4,
98 1630 132 1665 5.
154 1632 200 1664 al.
238 1631 356 1674 ltaque
381 1633 496 1665 locum
519 1633 587 1665 hoe
612 1642 684 1664 mo-

47 1677 93 1710 do
139 1678 363 1720 interpretari
418 1679 553 1711 licebit:
594 1679 686 1711 Hoc

49 1724 148 1756 vero
177 1734 228 1756 ne
263 1734 343 1758 nos
375 1725 516 1758 lateat
540 1726 686 1767 singu-

46 1767 130 1805 lari
186 1770 403 1803 fortunae
465 1772 686 1804 beneficio

46 1816 174 1848 nobis
199 1816 453 1859 obtingere,
480 1819 594 1859 quod
625 1819 687 1860 (ei-

48 1862 142 1893 vitas
170 1863 326 1903 nostra),
352 1873 439 1904 qua
462 1863 688 1896 felicitate

48 1906 382 1940 Heraclidarum
469 1911 688 1943 coloniam

49 1953 237 1986 diximus
262 1963 381 1986 usam
406 1965 523 1996 esse,
547 1960 690 1988 terrae

48 2003 92 2032 et
119 2001 241 2033 aeris
266 2001 403 2033 alieni
433 2001 687 2044 abrogandi

49 2049 180 2088 §tque
227 2047 572 2081 distributionis
622 2049 687 2080 bo-

50 2089 195 2125 flbrum
219 2093 372 2126 habita
396 2095 689 2136 ratione‘gra·

50 2144 147 2171 vem
170 2143 211 2171 et
233 2140 536 2181 periculosam
572 2142 689 2174 litem

51 2183 236 2228 effugit3
255 2186 305 2219 de
333 2197 420 2229 qua
445 2188 621 2228 quidem
646 2198 691 2221 re

51 2228 150 2272 Iege
196 2234 473 2266 constituere
520 2234 692 2276 aliquid

50 2275 126 2309 ubi
149 2277 312 2312 civitas
339 2279 533 2322 cogitur,
553 2291 691 2324 neque

49 2323 596 2370 pristinorum'quidquam
620 2330 689 2360 im·

50 2372 260 2403 mutatum
331 2373 480 2405 sinere
551 2384 689 2416 neque

0 2414 2 2422 ¹
51 2413 165 2448 idem
208 2426 479 2452 commovere
528 2426 569 2453 et
609 2431 689 2453 mu-

53 2462 147 2492 tare
178 2464 493 2502 quodammodo
532 2470 687 2509 potest.

0 2526 2 2532 ,
53 2504 124 2538 Pro
157 2502 214 2557 ὥς*
235 2508 299 2551 γῆς
328 2511 383 2544 καὶ
414 2513 522 2555 χρεῶν
559 2509 616 2546 α’π.
656 2525 686 2546 κ.

52 2551 158 2594 νομῆς
203 2553 280 2596 πέρι
316 2556 488 2600 Astius,
534 2560 688 2593 admissa

53 2598 238 2632 verborum
262 2602 475 2650 traiectione,
501 2599 688 2648 legen'dum

0 2660 1 2678 ;
54 2643 257 2680 arbitratur:
287 2648 343 2680 καὶ
371 2651 478 2692 χρεῶν
505 2648 689 2697 ἀποκοπῆς

58 2689 111 2722 καὶ
134 2688 198 2734 γῆς
219 2694 334 2736 νομῆς.
382 2694 460 2735 Quo
485 2708 555 2732 non
586 2710 684 2742 opus.

757 1351 846 1386 Nam
873 1353 928 1385 καὶ
953 1353 1063 1395 νομῆς
1087 1354 1314 1395 postponitur
1339 1353 1402 1392 sic,

757 1404 795 1431 ut
819 1400 864 1432 ad
893 1405 1101 1442 utrumque,
1124 1400 1188 1442 γῆς
1215 1400 1269 1432 καὶ
1293 1399 1402 1440 χρεών

757 1442 958 1489 ἀποκοπῆς,
989 1447 1221 1489 respiciatur,
1254 1446 1402 1488 perinde

754 1502 796 1524 ac
821 1494 850 1525 si
880 1494 1048 1535 scriptum
1070 1494 1132 1527 sit:
1161 1493 1215 1525 καὶ
1240 1493 1316 1535 περὶ
1341 1503 1399 1523 νο-

754 1539 820 1581 μῆς
838 1539 964 1576 αὐτῶν,
979 1541 1115 1582 deque
1140 1550 1287 1572 eorum
1314 1540 1400 1572 dis-

755 1586 1025 1619 tributione.
1079 1585 1182 1625 Quod
1222 1586 1400 1629 quomodo

755 1633 1023 1675 intelligendum
1050 1634 1108 1674 sit,
1131 1639 1229 1675 patet
1254 1643 1297 1666 ex
1325 1643 1400 1665 ver-

756 1680 810 1711 bis
834 1690 868 1722 p.
895 1679 973 1715 736.
990 1680 1034 1712 D.
1063 1676 1083 1722 ἠ
1109 1678 1146 1711 δὲ
1170 1681 1236 1711 τῶν
1262 1677 1399 1712 κινούν-

757 1737 823 1757 των
857 1745 902 1750 -—
928 1727 1164 1767 Ινεμομένους.
1223 1726 1317 1759 Dein
1359 1724 1402 1768 ἢν

754 1781 826 1804 non
851 1777 986 1805 tantum
1011 1774 1056 1806 ad
1084 1774 1192 1814 χρεῶν
1217 1770 1402 1814 ἀποκοπήν

756 1819 832 1851 sive
866 1830 1008 1852 novas
1039 1820 1216 1852 tabulas
1254 1822 1303 1862 (v.
1331 1820 1399 1851 111.

756 1868 789 1898 li.
830 1876 862 1906 p·
895 1865 974 1900 684.
1006 1865 1071 1908 D.)
1109 1867 1273 1908 respicit,
1311 1875 1402 1908 quae

760 1912 879 1943 Astii
904 1912 1024 1953 opinio
1059 1917 1127 1953 est,
1153 1913 1215 1944 sed
1251 1913 1403 1954 pertinet

758 1957 863 1988 etiam
894 1958 938 1990 ad
971 1957 1036 1999 γῆν
1069 1968 1096 1990 s.
1129 1959 1192 2000 γῆς
1223 1955 1402 2000 διανομήν,

758 2003 860 2035 sicuti
886 2004 1079 2036 certissime
1103 2006 1288 2044 evincunt,
1313 2015 1404 2047 quae

759 2051 922 2091 proxime*
931 2051 1180 2083 subiiciuntur:
1192 2051 1403 2093 κεκτημένων

759 2095 818 2135 μὲν
846 2092 961 2129 αὐτῶν
985 2097 1050 2140 γῆν
1075 2094 1244 2138 ἄφθονον
1269 2109 1298 2130 κ.
1325 2109 1348 2130 τ.
1377 2098 1402 2129 λ.

759 2142 846 2174 Post
877 2139 1038 2186 ἀκίνητον
1068 2146 1162 2186 quod
1205 2145 1309 2187 vulgo
1349 2146 1402 2177 in-

759 2194 888 2222 sertum
920 2190 1050 2232 legitur
1088 2187 1210 2229 οὐδέν,
1235 2192 1272 2223 id
1297 2191 1401 2224 codd.

759 2237 920 2270 exsulare
954 2238 1144 2270 iusserunt.
1205 2237 1280 2270 Nee
1318 2248 1402 2270 vero

759 2293 801 2315 eo
826 2293 914 2325 opus
940 2290 1004 2325 est,
1022 2285 1197 2326 siquidem
1222 2289 1305 2328 post
1322 2282 1403 2316 οὔτε

758 2347 802 2353 --
828 2327 911 2361 οὔτε
922 2340 995 2362 non
1019 2331 1070 2363 ita
1094 2341 1175 2363 raro
1202 2331 1402 2373 intelligen-

759 2376 841 2408 dum
874 2376 1084 2418 relinquitur
1121 2388 1149 2409 u
1187 2378 1243 2410 vel
1284 2374 1401 2410 οὐδέν.

759 2432 790 2453 ν.
817 2422 862 2454 ad
887 2420 997 2464 Gorg.
1024 2434 1057 2466 p.
1081 2423 1165 2459 485.
1191 2425 1233 2456 D.
1259 2421 1399 2456 ἐλεύθε-

757 2479 821 2508 ρον
845 2466 882 2499 δὲ
896 2469 951 2501 κα)
963 2468 1084 2502 [nar-dv
1102 2469 1268 2512 μηδέποτε
1283 2470 1396 2513 φθέγ-

757 2514 896 2556 ξασθαι.
932 2517 993 2548 ubi
1031 2517 1251 2550 Heusdius
1293 2516 1398 2560 μηδὲν

755 2562 930 2595 excidisse
954 2564 1209 2619 suspicabatur.
1257 2563 1312 2596 De
1337 2574 1396 2606 ge-

755 2609 868 2640 nitivo
908 2608 973 2641 τῶν
1006 2611 1158 2651 αρχαίων
1195 2614 1313 2643 autem
1352 2621 1397 2644 ne

755 2665 825 2697 qua
849 2655 999 2697 dubites,
1014 2657 1108 2688 conf.
1134 2666 1214 2689 ann.
1234 2656 1280 2690 ad
1292 2656 1395 2690 Rem-

754 2702 848 2743 publ.
877 2701 932 2734 lv.
953 2712 986 2744 p.
1003 2702 1082 2737 445.
1098 2703 1139 2734 Ε.
1168 2703 1229 2736 VI.
1256 2703 1334 2738 485.
1351 2704 1396 2737 B.
