1644 2886
284 101 367 141 ‘273
762 103 791 141 P
805 101 844 141 L
861 104 895 141 A
914 102 947 142 T
962 103 1000 144 O
1015 103 1052 143 N
1071 102 1133 145 IS

285 223 376 264 τοῖς
411 213 682 267 τηλικούτοις
719 216 956 273 αὐτοφυεῖς
990 222 1120 267 τινές,
1166 217 1220 268 ἃς
1263 219 1438 263 ἐπειδὰν
1473 222 1615 272 ξυνέλ-

283 284 428 322 mmm
465 279 595 322 αὐτοὶ
632 281 783 335 σχεδὸν
817 282 1135 336 ἀνευρίσκουσι.
1173 284 1362 335 ξυνιέναι
1385 288 1428 328 δὲ
1465 292 1524 336 εὶς
1558 287 1612 329 τά

283 345 395 387 κατά
433 345 582 399 κώμας
617 345 711 401 ἱερὰ
750 350 813 390 δεῖ
850 347 997 390 πάντα
1036 347 1118 400 ἥδη
1156 347 1210 391 τὰ
1240 353 1480 402 τηλικαῦτα
1516 370 1616 395 παι-

283 413 377 460 δία,
412 409 503 452 ἀπὸ
542 414 740 464 τριετοῦς
773 417 895 469 μέχρι
924 416 1011 456 τῶν
1046 415 1089 465 ἓξ
1122 417 1242 466 ἐτῶν,
1278 418 1402 476 κοινῇ
1439 415 1493 458 τοὶ
1530 421 1616 460 τῶν

283 478 494 529 κωμητῶν
539 482 598 526 εὶς
645 477 812 521 ταύτὸν
858 483 1041 522 ἕκαστα·
1099 480 1180 530 τὰς
1225 483 1269 524 δὲ
1313 482 1511 540 τροφοὺς
1554 486 1618 525 ἔτι

283 544 369 583 τῶν
404 542 668 593 τηλικούτων
713 543 1001 598 κοσμιότητός
1049 562 1094 588 τε
1141 563 1212 588 και
1249 545 1491 597 ἀκολασίας
1525 554 1615 591 ἐπι·

281 610 536 661 μελεῖσθαι,
581 610 667 651 τῶν
714 612 757 652 δε
805 612 985 669 τροφῶν
1029 610 1177 654 αὐτῶν
1220 629 1292 655 και
1339 615 1417 665 τῆς
1459 612 1615 667 ἀγέλης

282 671 537 728 ξυμπάσης,
581 675 669 716 τῶν
716 674 878 718 δωδεκα
926 679 1144 728 ,υναικῶν
1186 681 1304 732 μίαν
1335 676 1406 737 ἐφ’
1456 681 1615 739 ἑκάστη

282 737 501 794 τετάχθαι
535 743 786 794 κοσμοῦσαν
828 740 924 783 κατ’
976 742 1178 786 ἐνιαυτὸν
1221 746 1309 786 τῶν
1353 750 1614 800 προειρημέ-

283 821 372 847 νων
418 803 472 854 ἃς
514 802 572 847 ἂν
616 804 802 857 τάξωσιν
838 811 878 849 οἱ
913 808 1227 865 νομοφύλακες.
1271 808 1437 858 ταύτας
1474 813 1516 852 δὲ
1548 815 1615 854 αἱ-

283 872 535 926 ρείσθωσαν
571 873 651 925 μὲν
687 876 732 914 αἱ
768 874 855 915 τῶν
888 872 1040 928 γάμων
1075 874 1221 928 κύριαι
1251 876 1330 926 τῆς
1363 878 1615 930 ἐπιμελείας,

283 937 324 987 ἐξ
360 935 544 987 ἑκάστης
579 938 657 988 τῆς
691 940 831 995 φυλῆς
865 940 983 992 μίαν,
1018 936 1171 991 ἥλικας
1191 938 1371 989 αὑταῖς·
1409 939 1435 992 ἡ
1473 943 1516 984 δὲ
1539 959 1614 984 κα-

282 1003 482 1044 ταστᾶσα
526 1000 690 1057 ἀρχέτω
727 1005 927 1061 φοιτῶσα
971 1009 1029 1053 εὶς
1064 1002 1113 1047 τὸ
1149 1003 1266 1060 ἱερὸν
1299 1003 1482 1058 ἑκάστης
1516 1006 1614 1063 ἡμέ-

282 1085 364 1122 ρας
407 1069 478 1109 καὶ
512 1067 757 1120 κολάζουσα
801 1068 870 1111 ἀεὶ
916 1067 994 1112 τὸν
1030 1068 1294 1121 ἀδικοῦντα,
1342 1073 1502 1114 δοῦλον
1535 1076 1614 1128 μὲν

282 1136 353 1176 καὶ
391 1132 554 1184 δούλην
591 1137 664 1176 καὶ
701 1134 822 1185 ξένον
856 1138 929 1177 καὶ
964 1136 1087 1187 ξένην
1123 1134 1237 1189 αὑτὴ
1274 1136 1346 1179 διά
1385 1153 1514 1181 τινων
1537 1141 1613 1191 τῆς

374 1260 414 1292 Ρ.
442 1260 518 1294 794.
567 1261 684 1302 μέχρι
713 1262 792 1292 τιῦν
816 1262 859 1302 ἒξ
882 1261 1007 1303 ἐτῶν]
1038 1273 1101 1293 των
1125 1273 1167 1294 ex
1192 1264 1237 1294 A.
1263 1274 1296 1294 x.
1322 1265 1487 1296 additum.

371 1305 410 1339 B.
466 1303 836 1350 ἂςιῖντάξωσιν]
877 1305 1611 1343 S1cA**52vfracflox

281 1362 357 1383 cum
383 1352 466 1382 Ald.
494 1350 576 1383 Bas.
607 1352 638 1384 1.
665 1353 697 1385 2.
720 1352 808 1384 Lov.
835 1352 1031 1394 Stephanus
1062 1353 1172 1384 dedit:
1210 1350 1275 1384 ὅσα
1299 1351 1340 1385 ἄν
1371 1352 1525 1394 τάξωσιν.
1571 1357 1613 1388 In

282 1397 355 1429 Ric.
384 1402 418 1426 et
441 1397 535 1427 Flor.
564 1395 591 1428 δ.
616 1407 637 1428 a
661 1407 751 1429 man.
777 1408 843 1429 sec.
871 1395 917 1429 ὥς
941 1395 983 1429 ἂν
1009 1395 1131 1438 τάξωσι
1156 1400 1321 1439 scriptum
1345 1404 1450 1432 extat.

372 1441 410 1472 C.
462 1440 533 1472 τὸν
567 1441 709 1482 ἑξέτη]
743 1442 838 1483 ἐξετῆ
871 1445 961 1484 Ang,
997 1448 1030 1475 et
1064 1454 1113 1484 pr.
1145 1440 1181 1474 Ω.
1218 1442 1333 1484 ἑξέτην
1357 1445 1437 1476 Vat.
1462 1456 1489 1476 r.
1517 1445 1612 1487 ἐξέτῆ

981 1555 1039 1584 sit:
1078 1550 1137 1593 ἐφ’
1178 1551 1300 1593 ἑκάστῃ
1339 1556 1377 1595 τῇ
1413 1552 1512 1597 ἀγέλῃ
1547 1558 1611 1588 τῶν

980 1598 1119 1639 τροφῶν
1145 1609 1178 1628 τε
1200 1599 1252 1629 καὶ
1276 1599 1435 1631 παιδίωνε
1461 1603 1611 1634 incredi-

278 1562 312 1591 Ρ.
326 1552 403 1585 311.
418 1562 494 1592 sqq.
515 1553 573 1593 qui
598 1553 700 1582 ludos
727 1532 911 1592 puerorum

279 1598 359 1628 item
399 1597 537 1636 publice
573 1597 648 1627 vult
689 1598 763 1637 regi
807 1603 911 1638 atque

280 1642 478 1681 gubernari.
525 1641 610 1672 Rem
645 1643 756 1683 ipsam
799 1644 910 1673 nostri

279 1687 495 1727 paedagogi,
521 1687 579 1727 qui
604 1688 709 1727 vulgo
737 1688 909 1728 dicuntur,

279 1733 476 1763 accuratius
501 1741 541 1763 ac
571 1732 717 1763 subinde
741 1732 909 1773 puerilius

280 1778 384 1809 etiam
408 1781 487 1808 sunt
511 1778 692 1817 persecuti.

325 1822 404 1852 τῶν
429 1820 472 1852 δὲ
498 1822 668 1862 τροφῷν
692 1817 839 1864 αὐτῶν]
867 1840 910 1845 -

278 1871 318 1899 et
341 1868 470 1907 ‘ipsis
523 1867 769 1899 nutricibus
816 1868 910 1899 uni-

277 1922 495 1953 versoque
526 1913 646 1953 gregi
672 1922 720 1944 ex
757 1913 909 1944 duode-

278 1958 357 1989 cim
388 1957 648 1989 mulieribus
684 1968 803 1990 unam
828 1957 910 1990 cui-

278 2012 357 2043 que
382 2002 539 2044 (gregi)
565 2004 830 2043 praefectam
852 2013 910 2034 es-

278 2058 320 2080 se
338 2052 645 2089 oportet,quae
670 2049 909 2089 quotannis

277 2097 401 2133 regat
442 2103 721 2135 quascunque
755 2104 806 2125 ex
839 2094 908 2133 iis,

278 2148 383 2179 quas
417 2139 618 2179 diximus,
661 2140 800 2179 legum
835 2148 908 2169 cu-

277 2184 427 2214 stodes
453 2185 776 2215 constituerint.
802 2181 908 2215 Geni-

275 2229 340 2259 tivi
374 2228 441 2258 τοῖν
474 2226 510 2258 δὲ
544 2229 683 2269 τροφῶν
707 2247 749 2251 —
781 2226 908 2268 ξυμπά-

278 2281 339 2314 σης
379 2273 539 2304 absolute
579 2275 684 2315 positi
723 2278 820 2305 sunt:
856 2275 908 2306 ad

276 2319 395 2359 ipsas
431 2319 623 2352 nutrices
660 2324 699 2351 et
739 2320 909 2350 univer-

276 2374 364 2396 sum
389 2373 563 2403 gregem
594 2365 705 2406 quod
740 2364 907 2396 attinet-

276 2408 386 2440 Cuins
417 2410 575 2449 exempla
604 2411 691 2442 bene
722 2410 829 2441 multa
854 2409 909 2441 vel

274 2453 493 2486 Matthiae
526 2453 588 2489 Gr.-
623 2453 684 2487 Gr.
717 2454 748 2494 §.
771 2453 849 2488 342.
875 2454 907 2488 3.

275 2499 511 2540 suppeditabit
535 2500 791 2540 quaerentibus.
829 2499 908 2531 Fal-

274 2545 356 2575 litur
398 2554 482 2584 ergo
523 2545 579 2576 As
591 2545 676 2577 tius
717 2545 908 2585 genitivum

274 2589 379 2621 istum
409 2594 508 2621 ratus
531 2599 573 2621 ex
604 2591 761 2632 sequenti
785 2588 907 2629 ἑκάστῃ

274 2633 437 2675 pendere,
453 2634 595 2675 perinde
621 2646 660 2668 ac
685 2636 713 2668 si
743 2636 908 2676 scriptum

979 1643 1040 1674 bili
1076 1653 1159 1675 sane
1193 1650 1397 1676 commento.
1436 1663 1478 1670 —
1533 1647 1612 1678 τῶν

978 1686 1140 1719 δώδεκα
1175 1690 1415 1729 γυναικῶν,
1455 1697 1542 1732 quae
1569 1702 1615 1729 ex

977 1733 1159 1765 duodecim
1203 1734 1360 1766 tribubus
1406 1740 1486 1767 sunt
1520 1737 1611 1769 dele-

975 1782 1061 1809 ctae.
1083 1797 1126 1801 —
1163 1774 1223 1817 ἐφ’
1252 1778 1421 1819 ἑκάστῃ,
1446 1791 1493 1814 sc.
1523 1777 1611 1823 α’γέ-

978 1823 1033 1863 λῃ.
1061 1841 1104 1846 —
1158 1824 1430 1862 κοσμοῦσαν,
1456 1826 1491 1856 in
1517 1828 1611 1858 ordi-

976 1878 1054 1900 nem
1092 1868 1317 1909 redigentem,
1355 1874 1542 1910 regentem.
1568 1890 1611 1896 —

978 1914 1058 1944 τῶν
1068 1923 1406 1966 προειρημενων
1423 1916 1551 1956 pendet
1568 1926 1612 1948 ex

975 1956 1017 1990 ἃς
1051 1955 1095 1989 οἶν
1136 1969 1162 1990 τ.
1222 1960 1316 2012 quod
1338 1958 1610 2014 Stephanus

975 2014 1097 2045 parum
1114 2005 1263 2036 cautem
1289 2001 1346 2035 30’
1372 2001 1414 2035 ἂν
1433 2016 1458 2036 τ.
1484 2008 1611 2039 mutari

977 2049 1130 2081 iubebat.
1186 2048 1366 2081 Sententia
1400 2051 1492 2082 enim
1525 2052 1611 2084 haec

977 2099 1045 2126 est:
1088 2104 1372 2135 quascunque
1413 2105 1462 2126 ex
1503 2097 1610 2136 illis,

978 2149 1081 2180 quas
1106 2140 1227 2171 modo
1253 2139 1455 2180 diximus,
1473 2142 1609 2172 nutri-

977 2185 1098 2216 cibus
1123 2185 1266 2225 legum
1301 2186 1509 2225 custodes
1541 2197 1609 2227 pu-

977 2230 1092 2261 blice
1118 2230 1451 2261 constituerint.
1643 2253 1644 2256 η

1022 2274 1063 2308 Β.
1090 2270 1444 2314 ἀμφισβητοῦντα
1462 2273 1540 2315 μὲν
1563 2276 1610 2315 τῇ

979 2317 1609 2360 noldoedquidecastigatio-
1643 2339 1644 2342 =

977 2375 1026 2396 ne
1051 2368 1218 2395 moveat
1241 2365 1607 2404 controversiam,
1642 2399 1643 2403 ,

976 2410 1011 2441 h.
1035 2419 1064 2442 e.
1089 2409 1186 2441 cuius
1207 2419 1342 2449 poenae
1374 2410 1481 2442 dubia
1505 2410 1550 2441 sit
1574 2415 1608 2442 et
1642 2406 1644 2413 ’

978 2457 1213 2487 controversa.
1260 2453 1458 2496 Opponitur
1483 2455 1608 2488 deinde
1641 2466 1644 2493 g

976 2496 1283 2539 ἆναμφιεβήτητον.

1021 2541 1120 2582 μετὰ
1164 2543 1205 2575 δὲ
1253 2541 1328 2575 τὸν
1374 2543 1496 2584 ἑξέτη
1537 2544 1607 2574 καὶ

977 2587 1050 2630 τὴν
1073 2588 1226 2630 ἑξέτιν]
1252 2593 1477 2631 postquam
1502 2598 1608 2628 puer

978 2635 1128 2666 factus
1157 2639 1221 2666 est
1253 2634 1459 2666 sexennis
1495 2634 1607 2665 item·
1643 2667 1644 2683 ἦ
