1644 2886
262 129 395 172 an
423 97 429 102 ¹
690 125 1163 169 PROLEGOMENA

260 241 325 282 bis
368 239 495 282 modo
534 239 676 279 activa
712 235 840 278 modo
881 236 1020 277 media
1048 237 1186 278 forma
1214 251 1317 279 usus
1343 250 1439 278 esse
1469 251 1589 291 repe-

260 294 425 337 riatur?
484 295 620 335 Porro
664 292 795 333 semel
837 297 1002 333 tantum
1034 292 1150 347 apud
1180 292 1401 334 Platonem
1433 293 1592 348 legitur

259 353 540 404 τημελεῖν,
572 359 754 390 curam
785 346 1073 402 adhibere,
1115 348 1252 404 Legg.
1282 348 1390 389 XII.
1423 364 1463 403 p.
1494 351 1589 390 053.

258 408 312 447 A.
344 406 417 447 ubi
448 404 692 446 sacerdotes
713 403 918 445 dicuntur
950 405 1032 444 τῶν
1062 407 1276 445 τοιούτων
1307 407 1502 457 ὲπιμελ
1521 413 1588 446 εῖ-

258 466 397 502 σίται
440 463 526 500 καὶ
573 463 831 509 τημελεῖν
871 459 1039 500 debere.
1110 458 1239 511 Quod
1269 465 1409 500 tamen
1441 459 1589 502 rectis·

257 518 361 558 sime
402 515 563 556 dictum
604 529 696 557 esse
728 521 861 569 patet,
894 514 1243 569 quandoquidem
1275 518 1491 567 τημελεῖν,
1525 532 1590 566 τη-

254 574 380 625 μέλη,
422 573 625 624 τημέλεια
654 586 740 612 non
770 576 936 611 tantum
970 570 1021 611 de
1052 571 1271 611 curatione
1303 570 1483 612 alicuius
1513 571 1589 624 rei,

255 627 330 669 sed
360 626 489 668 etiam
519 626 572 668 de
603 626 791 668 eiusdem
822 626 1034 679 custodia,
1066 626 1184 667 cultu
1215 631 1258 666 et
1287 633 1438 667 ornatu
1469 642 1590 668 usur-

256 683 348 738 pari
406 683 643 723 consuevit.
725 682 818 723 Nec.
869 697 972 723 vero
1023 696 1125 722 usus
1177 682 1298 723 verbi
1344 682 1591 724 destituitur

254 739 604 794 gravissimorum
647 738 903 792 scriptorum
935 740 1212 790 auctoritate,
1246 752 1371 791 quem
1403 738 1590 780 celebra-

256 800 356 836 runt
386 793 693 847 Euripides
724 793 867 847 Iphin.
900 793 1030 834 Taur.
1065 795 1158 834 311.
1192 793 1331 849 lphig.
1363 794 1463 836 Aul.
1495 796 1587 836 731.

255 865 306 892 ac
335 854 486 904 postea
517 850 643 890 etiam
666 829 936 901 Plutarfilius,
970 847 1129 891 Sextus
1154 849 1414 904 Empiricus⁷
1450 849 1588 903 Philo,

258 905 499 957 Hierocles,
523 905 614 955 alii3
647 913 776 960 atque
796 911 941 959 aperte
973 910 1020 945 ut
1042 905 1222 958 probum
1256 906 1434 960 agnovit
1463 906 1588 946 etiam

263 960 612 1016 Phrynichus
660 961 703 1002 in
751 960 995 1000 Bekkeri
1048 960 1261 1002 Anecdot.
1306 977 1347 1015 p.
1396 963 1472 1013 66,
1528 965 1588 1004 14.

255 1016 472 1070 Quocirca
511 1031 564 1057 ne
606 1016 687 1057 hoc
724 1015 895 1070 quidem
926 1015 1101 1057 verbum
1133 1031 1209 1071 per
1239 1031 1284 1058 se
1316 1016 1444 1057 habet
1475 1017 1590 1070 quod

254 1073 340 1114 ullo
363 1072 492 1114 modo
509 1072 859 1127 reprehendatur.
881 1071 1108 1126 Reliquum
1130 1071 1315 1126 denique
1332 1078 1398 1114 est
1413 1073 1588 1113 verbum

255 1128 464 1179 τητοὲω,
497 1128 688 1181 privo,
731 1127 939 1183 spolio,
980 1126 1085 1168 VII.
1117 1143 1157 1181 p.
1191 1129 1285 1170 810.
1328 1128 1378 1170 B.
1419 1129 1589 1183 passive

255 1183 459 1239 positum,
484 1189 534 1223 ut
563 1183 620 1224 sit
660 1197 874 1235 carere,
921 1183 1252 1224 destitutum
1293 1197 1432 1231 esse,
1463 1185 1588 1225 sicuti

255 1239 415 1281 dudum
431 1238 701 1293 explicarunt
717 1238 1035 1294 Hesychius
1057 1244 1187 1294 atque
1204 1238 1447 1281 Photius.
1469 1239 1589 1281 Usus

256 1310 356 1337 vero
387 1295 461 1335 illo
483 1300 550 1335 est
579 1295 740 1349 primus
760 1292 1050 1336 Hesiodus
1082 1294 1198 1349 Opp.
1229 1295 1328 1336 DD.
1363 1297 1429 1336 26.
1462 1310 1588 1350 quem

255 1350 411 1392 deinde
442 1350 578 1392 secuti
609 1356 711 1391 sunt
738 1350 808 1390 alii
838 1355 1006 1406 poetae,
1038 1350 1244 1405 imprimis
1275 1351 1440 1406 tragici.
1501 1350 1587 1392 Sed

254 1406 424 1448 transiit
445 1405 536 1447 eius
552 1405 774 1460 usurpatio
803 1421 903 1446 mox
919 1407 1045 1446 etiam
1073 1406 1126 1447 ad
1151 1406 1366 1462 pedestris
1381 1407 1587 1448 orationis

254 1462 513 1517 scriptores,
546 1476 597 1502 ex
619 1462 779 1515 quibus*
797 1461 902 1502 illud
932 1462 1013 1502 iam
1039 1468 1136 1503 ante
1162 1463 1383 1504 Platonem
1415 1462 1468 1503 ad
1499 1478 1586 1504 rem

253 1533 373 1560 suam
411 1516 608 1558 adhibuit
647 1517 956 1572 Xenophon
995 1516 1158 1573 Cyrop.
1190 1517 1318 1559 VIII.
1348 1519 1389 1570 4,
1421 1520 1486 1560 33.
1517 1519 1587 1560 ubi

253 1575 345 1615 sine
385 1573 474 1614 ulla
512 1571 782 1614 dubitatione
822 1587 918 1614 cum
958 1573 1089 1614 Lud.
1132 1574 1441 1615 Dindorfio
1480 1574 1585 1615 ἀλλὰ

253 1631 468 1681 τητῶνται
491 1628 788 1684 refingendum
811 1634 878 1670 est
907 1644 986 1683 pro
1016 1627 1125 1670 ἀλλὰ
1158 1629 1369 1680 ἡττῶνται
1400 1629 1467 1671 vel
1497 1629 1584 1671 ἀλλ’

252 1685 516 1733 ἀπατῶνται,
536 1683 653 1738 quod
675 1690 741 1726 est
762 1684 888 1725 etiam
915 1685 958 1724 in
991 1699 1118 1726 manu
1149 1685 1321 1740 scriptis
1351 1685 1587 1729 codicibus.

364 1741 511 1794 Atque
541 1740 646 1781 haec
677 1739 852 1793 quidem
872 1748 974 1781 sunt
1001 1741 1087 1781 fere
1117 1741 1341 1793 vocabula,
1376 1756 1488 1794 quae
1517 1741 1588 1783 hic

254 1803 301 1838 ut
330 1797 492 1837 rariora
519 1796 564 1836 in
595 1795 788 1851 Legibus
818 1795 1006 1836 notanda
1037 1796 1220 1838 fuerunt.
1281 1796 1397 1849 Quid
1426 1797 1588 1852 igitur?

252 1852 553 1907 putabimusne
593 1866 644 1892 ea
686 1866 780 1893 esse
810 1851 1036 1902 eiusmodi,
1068 1858 1117 1893 ut
1145 1867 1197 1893 ex
1226 1854 1308 1893 usu
1339 1868 1484 1894 eorum
1515 1868 1587 1894 ve-

252 1908 486 1949 risimiliter
524 1907 774 1948 coniectura
823 1908 968 1961 aliqua
1006 1907 1059 1948 de
1119 1907 1359 1949 adulterina
1418 1909 1585 1965 Legum

251 1963 569 2005 Platonicarum
608 1963 770 2018 origine
799 1964 895 2018 capi
926 1962 1081 2017 queat?
1141 1963 1353 2005 Nimirum
1384 1970 1485 2006 sunt
1514 1965 1586 2006 illa

251 2020 473 2073 profecto,
506 2018 635 2060 sicuti
664 2018 872 2071 vidimus,
905 2033 983 2074 per
1011 2033 1056 2061 se
1088 2025 1285 2074 spectata
1314 2019 1420 2061 adeo
1481 2021 1586 2062 roba

251 2080 382 2128 atque
421 2075 612 2126 sincera,
651 2081 700 2115 ut
737 2089 791 2115 ne
827 2075 1205 2129 praestantissimis
1245 2075 1416 2130 quidem
1494 2091 1585 2118 rae-

251 2130 397 2172 citatis
427 2129 674 2172 auctoribus
706 2129 1017 2185 displicuerint,
1052 2131 1124 2184 qui
1153 2130 1235 2172 illis
1267 2131 1423 2185 partim
1457 2133 1583 2173 etiam

251 2186 524 2227 vehementer
565 2190 667 2227 sunt
705 2185 920 2227 delectati.
996 2185 1085 2229 Sed
1128 2186 1244 2241 quod
1281 2202 1367 2229 non
1406 2188 1583 2230 minoris

250 2242 455 2283 momenti
485 2246 564 2293 est,
597 2242 698 2282 sunt
734 2241 808 2282 illa
836 2242 960 2283 etiam
990 2243 1193 2284 universo
1233 2242 1402 2284 dicendi
1436 2244 1581 2298 generi

249 2297 294 2338 in
333 2297 415 2339 hoc
453 2312 584 2352 opere
624 2303 831 2352 usurpato
875 2305 918 2339 et
954 2303 1132 2353 propter
1168 2298 1424 2354 singularem
1455 2314 1582 2355 argu·

250 2353 383 2394 menti
432 2353 639 2394 rationem
697 2353 865 2398 delecto
917 2354 1045 2408 plane
1092 2355 1402 2399 convenientia.
1480 2355 1582 2396 Alia

250 2409 361 2450 enim
400 2409 573 2465 linguae
613 2408 667 2449 ad
706 2409 1052 2465 legumlationem
1088 2416 1363 2464 *comparatae
1411 2411 1580 2452 omnino

248 2465 449 2507 videntur
485 2464 616 2506 fuisse
654 2466 848 2520 propria:
888 2465 972 2506 alia
1008 2465 1154 2506 vale-nt
1191 2465 1245 2506 ad
1288 2465 1476 2507 eiusdem
1507 2481 1580 2522 pe·

246 2521 411 2562 nuriam
451 2526 492 2562 et
529 2520 717 2576 inopiam
753 2521 979 2563 levandam
1006 2521 1074 2562 vel
1106 2521 1410 2576 amovendam,
1444 2536 1578 2576 quan·

246 2575 476 2630 doquidem
519 2591 660 2618 rerum
699 2577 948 2619 notionibus
985 2577 1226 2618 accuratius
1276 2592 1327 2619 ac
1378 2578 1577 2621 subtilius

245 2631 523 2686 designandis
559 2632 821 2682 inserviunt3
861 2633 943 2674 alia
971 2633 1294 2675 accommodata
1324 2641 1424 2675 sunt
1450 2649 1575 2690 gran-
