1644 2886
218 211 254 252 E

174 848 249 888 797

254 95 364 135 ἐει
767 93 797 133 P
812 58 1054 133 L'ATO'N
1070 90 1131 134 ιε

385 210 509 253 ΚΛ.,
555 207 614 250 Οὐ
651 205 827 263 ῥᾴδιον,
863 200 893 247 ὦ
930 206 1029 257 ξένε,
1067 210 1280 262 παρέντας
1313 209 1450 257 ταῦτα
1484 206 1595 253 ἄλλα

281 277 389 328 ἔχειν
422 275 573 327 βελτίω
610 272 776 315 τούτων
812 275 906 328 περὶ
938 274 1229 328 γυμναστικῆς
1262 269 1355 327 ἅμα
1393 276 1464 316 καὶ
1486 274 1596 328 ἀγω-

283 347 378 388 νίας
411 343 556 382 εἰπεῖν.

380 422 478 463 ΑΘ.
555 419 619 463 Τὸ
656 425 805 464 τοίνυν
844 419 1013 470 τούτοις
1049 419 1144 472 ἑξῆς
1177 418 1343 477 περὶτὰ
1367 422 1453 462 τῶν
1474 423 1596 463 Mov-

279 488 367 529 σῶν
400 503 444 529 τε
479 489 550 530 καὶ
582 486 857 536 Ἀπόλλωνος
891 488 1030 541 δῶρα,
1067 486 1162 529 τότε
1198 490 1296 542 μέν,
1329 484 1385 536 ὡς
1419 484 1597 528 ἅπαντα
1633 500 1637 504 ’

282 551 514 608 εἰρηκότες,
551 551 738 607 ᾠόμεθα
773 555 1044 595 καταλείπειν
1072 551 1185 605 μόνα
1218 550 1271 594 τοὶ
1308 555 1400 607 περὶ
1435 569 1597 607 γυμνα-

283 621 453 672 στικῆς·
491 621 570 661 νῦν
602 618 640 662 δ’
682 623 767 662 ἔστι
802 620 913 670 δῆλα
947 616 975 660 ἅ
1015 615 1056 660 τ’
1096 621 1182 661 ἐστὶ
1226 620 1297 662 καὶ
1344 615 1413 660 ὅτι
1448 620 1596 674 πρῶτα

283 686 388 728 πᾶσι
423 683 567 743 ῥητέα.
605 689 786 740 λέγωμεν
821 690 969 728 τοίνυν
1003 685 1098 736 ἑξῆς
1132 684 1261 727 αὐτοὶ.

382 770 486 811 ΚΛ.
553 769 684 810 Πανυ
718 770 797 822 μὲν
834 760 914 810 οὖν
947 769 1131 809 λεκτέον.

371 851 467 893 ΑΘ.
533 848 763 893 Ἀκούσατε
808 854 851 892 δέ
892 866 1002 904 μου,
1038 849 1358 904 προακηκοότες
1400 853 1477 904 μὲν
1525 853 1594 891 καὶ

279 923 323 959 ἐν
361 926 449 967 τοῖς
483 917 707 972 πρόσθεν·
743 915 858 970 ὅμως
891 918 935 958 δὲ
967 916 1016 958 τό
1057 932 1101 968 γε
1136 916 1307 973 σφόδρα
1329 915 1498 959 ἄτοπον
1524 919 1594 957 καὶ

280 981 423 1035 ἄηθες
467 984 792 1038 διευλαβεῖσθαι
827 975 893 1024 δεῖ
923 984 1102 1031 λέγοντα
1146 983 1218 1023 καὶ
1251 980 1594 1030 ἀκούονταμκαι

279 1049 331 1100 δὴ
377 1052 447 1091 καὶ
498 1052 592 1091 νῦν.
636 1050 715 1104 ἐρῶ
760 1049 839 1103 μὲν
886 1045 970 1102 γὰρ
1015 1044 1092 1101 ἐγώ
1139 1047 1269 1101 λόγον
1304 1046 1383 1090 οὐκ
1417 1044 1594 1105 ἄφοβον

279 1121 424 1165 εἰπεῖν,
463 1114 578 1170 ὅμως
611 1118 654 1156 δε
690 1131 746 1174 πῃ
783 1111 1019 1171 θαῤῥήσας
1053 1113 1131 1155 οὐκ
1164 1112 1486 1168 ἀποστήσομαι.

385 1200 483 1240 ΚΛ.
558 1197 671 1240 Τίνα
707 1196 758 1248 δὴ
797 1198 965 1246 τοῦτον,
1004 1189 1034 1237 ὦ
1071 1197 1171 1248 ξένε,
1205 1199 1358 1250 λέγειςζ,

369 1339 410 1370 Ε.
457 1336 626 1381 ᾠόμεθα
653 1338 939 1380 καταλείπειν]
966 1339 1152 1370 καταλιπεῖν
1172 1346 1279 1378 marg.
1305 1333 1341 1368 Ω.
1369 1347 1398 1370 a.
1425 1347 1452 1368 c.
1503 1335 1590 1367 Dein
1642 1372 1644 1375 ξ

281 1383 367 1425 μόνα
393 1395 424 1415 τε
447 1395 510 1425 pro
535 1383 622 1424 μόνα
647 1383 683 1416 τὰ
708 1386 751 1416 Α.
783 1382 820 1415 Ω.
847 1384 884 1418 Ξ.
911 1395 941 1416 v.
967 1385 990 1415 f.
1016 1394 1045 1415 a.
1075 1394 1100 1415 c.
1127 1390 1173 1415 os

369 1430 407 1463 P.
433 1430 509 1464 797.
557 1429 598 1462 ἐν
621 1434 710 1461 τοῖς
735 1428 943 1471 πρόσθεν]
970 1428 1164 1470 ἔμπροσθεν
1186 1427 1258 1459 Ric.
1283 1426 1376 1458 Flor.
1400 1424 1428 1456 δ.

323 1554 362 1585 Ε.
432 1551 484 1585 Τὸ
542 1554 686 1584 τοίνυν
734 1550 902 1583 τούτοις

276 1598 379 1639 ἑξῆς
408 1598 473 1640 -]
520 1599 607 1630 Iam
653 1607 752 1629 vero
792 1599 901 1638 quod

277 1645 478 1685 deinceps
519 1645 570 1675 ad
606 1653 780 1674 munera
817 1643 900 1674 Mu-

277 1700 413 1721 sarum
437 1694 564 1731 atque
590 1689 813 1730 Apollinis
844 1693 901 1720 at-

274 1737 409 1772 tinet,
433 1740 531 1767 tune
562 1736 754 1775 quidem,⁴
773 1735 899 1774 quasi

273 1783 354 1812 iam
372 1781 514 1812 omnia
533 1781 900 1821 exposuissemus,

273 1836 350 1858 nos
373 1826 629 1867 putabamus
655 1836 700 1857 ea
724 1826 819 1857 sola
840 1835 900 1856 re-

274 1872 482 1912 liquisse,
515 1881 620 1913 quae
657 1872 704 1903 de
734 1881 900 1912 gymna-

269 1918 382 1949 stica
405 1921 553 1949 essent
569 1918 771 1955 dicenda3
789 1926 898 1947 nunc

273 1967 414 1995 autem
461 1966 658 2004 apparet,
695 1971 898 2004 quaenam

272 2009 349 2040 illa
384 2009 485 2048 sint,
519 2013 558 2039 et
595 2009 730 2050 prima
765 2007 897 2039 omni-

272 2056 348 2086 bus
373 2064 474 2086 esse
500 2054 768 2094 exponenda.

317 2122 357 2153 P.
385 2122 460 2157 797.
508 2121 637 2164 λόγον
680 2117 754 2152 οὐκ
792 2118 894 2159 ἄφο-

271 2167 351 2206 βον
391 2167 546 2210 εἰπεῖν]
588 2169 693 2204 1-1„e.
731 2167 789 2207 qui
825 2176 895 2196 non

270 2218 385 2244 careat
414 2218 523 2252 metu,
550 2215 578 2244 si
611 2213 685 2254 quis
716 2223 790 2243 eum
816 2221 895 2252 pro-

270 2257 373 2296 ferat;
398 2269 497 2300 quem
521 2268 590 2290 non
615 2260 688 2290 sine
713 2262 803 2289 motu
817 2267 895 2298 pro-

269 2303 372 2336 feras.

314 2370 398 2412 Cap.
427 2371 507 2401 VII.
561 2371 662 2413 Φημὶ
699 2367 797 2401 κατὰ
828 2366 894 2399 πά-

270 2426 338 2449 σαε
371 2414 516 2447 πόλεις
543 2418 605 2458 —]
644 2417 800 2448 Docetur
835 2415 892 2445 de·

268 2462 367 2500 hinc,
398 2472 606 2502 magnopere
646 2461 760 2494 caveri
792 2470 892 2501 opor-

267 2513 356 2546 tere,
388 2517 430 2538 ne
462 2508 532 2539 ludi
563 2512 689 2540 temere
721 2510 893 2538 mutentur

266 2563 305 2585 ac
336 2557 524 2591 noventur3
550 2555 772 2585 mutationem
802 2552 892 2583 enim

267 2603 298 2629 nt
316 2600 585 2631 vicissitudinem
599 2610 716 2631 eorum
735 2607 891 2637 magnam

267 2646 307 2675 ad
344 2646 475 2676 animos
509 2646 633 2677 civium
667 2646 730 2675 vim
756 2644 890 2675 habere.

967 1551 1068 1588 Quod
1100 1551 1237 1591 quidem
1269 1559 1310 1580 ne
1341 1550 1376 1579 in
1407 1547 1590 1579 sanatione

967 1601 1000 1628 et
1021 1597 1154 1627 musica
1176 1595 1251 1626 fieri
1279 1594 1400 1634 possit,
1423 1594 1589 1632 Aegypti-

966 1651 1064 1673 orum
1088 1650 1182 1672 more
1207 1644 1240 1671 et
1263 1640 1422 1670 instituto
1444 1638 1590 1670 arbitra-

965 1693 1021 1718 tur
1045 1687 1209 1718 utendum
1233 1695 1323 1723 esse,
1350 1685 1409 1724 qui
1434 1683 1589 1714 saltatio-

965 1743 1025 1764 nes
1056 1732 1089 1764 et
1124 1737 1242 1762 cantus
1274 1739 1391 1761 omnes
1417 1728 1483 1759 diis
1509 1739 1589 1760 eon-

966 1778 1185 1809 sacraverint.
1240 1774 1375 1806 Similia
1404 1774 1506 1805 Plato
1547 1775 1589 1805 de

966 1824 1096 1855 musica
1131 1823 1168 1853 in
1197 1822 1295 1853 libris
1329 1821 1371 1851 de
1399 1818 1590 1859 Republica

966 1870 1096 1906 sanxit3
1130 1879 1162 1899 v.
1194 1867 1288 1898 Libr.
1321 1865 1375 1896 lv.
1404 1875 1435 1905 p.
1461 1863 1536 1898 424.
1561 1865 1588 1896 C

965 1925 1041 1955 sqq.
1081 1913 1266 1953 Compares
1292 1912 1394 1942 etiam
1419 1911 1587 1942 Aristo-

965 1961 1034 1991 tel.
1061 1960 1198 1991 Politic.
1224 1958 1264 1989 Η.
1288 1956 1320 1990 5.
1349 1956 1415 1986 vil.
1441 1955 1492 1989 15.
1526 1955 1587 1986 Ci-

964 2015 1104 2037 ceron.
1133 2004 1240 2044 Legg.
1267 2003 1304 2034 ΙΙ.
1329 2000 1382 2034 15.
1411 2000 1477 2032 ΙΙΙ.
1504 2001 1560 2034 14.

1009 2048 1160 2090 ταχθὲν
1184 2047 1258 2090 γὰρ
1272 2059 1302 2087 μ.
1317 2042 1481 2089 αὖτὸ-]
1498 2047 1587 2077 Hoc

963 2097 1070 2127 enim
1117 2096 1151 2126 si
1200 2094 1482 2125 constitutum
1523 2096 1587 2123 est

963 2147 1090 2182 a'uque
1136 2142 1197 2171 ita
1234 2137 1501 2176 ordinatum,
1542 2143 1586 2168 ut

963 2188 1094 2221 iidem
1145 2185 1311 2217 eosdem
1357 2183 1484 2214 ludos
1521 2192 1585 2214 eo-

963 2234 1051 2264 dem
1076 2232 1194 2263 modo
1225 2237 1388 2268 semper
1419 2228 1586 2260 faciant

963 2279 1220 2317 eisdemque·
1256 2274 1424 2305 lusibus
1471 2273 1583 2304 dele-

964 2327 1170 2362 mentun*
1196 2320 1394 2352 efficitur
1441 2319 1585 2357 etiam,

962 2374 1005 2400 ut
1030 2377 1138 2410 quae
1160 2366 1276 2398 serio
1303 2369 1401 2396 sunt
1426 2365 1583 2396 eonsti-

961 2418 1069 2454 tuta,
1087 2415 1348 2444 inconcussa
1371 2414 1583 2441 maneant.

1004 2460 1045 2491 B.
1077 2453 1306 2495 κινούμενα
1330 2453 1373 2485 δὲ
1398 2453 1441 2486 τὰ
1464 2451 1581 2494 αὐτὰ]

961 2505 1041 2536 Non
1083 2513 1151 2534 una
1189 2512 1230 2533 ex
1259 2506 1356 2542 parte
1388 2501 1472 2532 haec
1503 2507 1582 2532 sunt

958 2550 1173 2585 anacolutha,
1195 2548 1405 2587 omninoque
1428 2547 1478 2577 ita
1500 2555 1581 2576 eon—

959 2597 1121 2633 formata,
1159 2598 1196 2624 nt
1242 2593 1353 2624 oratio
1401 2591 1580 2631 aliquanto

959 2642 1097 2673 liberius
1139 2640 1314 2675 devm-rat,
1345 2647 1444 2677 quam
1477 2637 1578 2677 vulgo
