1644 2886
261 74 314 114 98
699 67 1151 112 ARGUMENTUM

263 181 498 237 Sexaginta
535 193 636 222 vero
672 179 736 219 illi
779 193 901 220 suum
942 179 1124 232 quisque
1165 179 1306 219 locum
1345 179 1591 221 custodiant
1626 207 1627 210 =

261 251 349 280 non
378 235 506 278 modo
535 233 723 276 hostium
754 247 923 287 caussa,
954 248 1100 275 verum
1139 233 1267 275 etiam
1294 240 1471 290 propter
1501 249 1588 288 eos,

263 292 338 346 qui
367 305 462 333 sese
493 290 654 331 amicos
682 289 952 344 profitentur.
1013 288 1288 343 Componant
1323 291 1436 331 enim
1466 290 1592 335 etiam

263 348 359 388 lites
389 346 557 387 civium.
609 344 701 400 Ipsi
729 359 831 386 vero
861 345 896 386 si
916 344 1020 399 quid
1053 344 1325 398 deliquerint,
1357 345 1593 401 ignominia

265 403 329 443 vel
388 401 515 442 etiam
560 400 830 454 gravioribus
881 400 1031 454 poenis
1084 400 1331 442 afficiantur
1379 403 1450 457 (p.
1498 402 1591 444 761.

266 457 321 497 D.
352 481 404 486 ——
437 457 529 497 762.
560 456 649 510 Β.).
709 455 902 498 Utantur
927 462 1079 497 -autem
1107 455 1169 496 illi
1199 470 1346 498 omnes
1377 472 1454 512 per
1483 456 1592 498 duos

264 526 398 553 annos
428 511 508 553 hac
546 511 686 553 victus
725 512 904 554 ratione.
970 512 1158 552 Primum
1189 525 1359 566 quoque
1389 513 1485 554 loco
1515 519 1592 568 pu—

266 567 378 609 blica
414 567 502 608 sint
539 566 739 608 convivia
775 568 1040 622 (ξυσσίτια),
1082 581 1107 607 a
1137 567 1293 620 quibus
1324 568 1415 610 sine
1443 581 1591 610 neces·
1630 580 1632 582 ·

263 623 388 665 sitate
426 622 570 677 aliqua
609 623 762 664 abesse
802 623 958 664 nemini
999 623 1173 678 impune
1211 622 1352 664 liceat.
1419 622 1590 665 Deinde

262 679 381 721 victu
409 679 606 720 fruantur
635 678 818 734 simplici
836 693 886 720 ac
903 679 1034 720 tenui.
1078 678 1280 732 Denique
1298 678 1593 722 adolescentes

262 734 503 776 universam
523 733 741 789 regionem
762 741 1090 789 perscrutentur
1111 739 1276 776 aestate
1296 740 1426 789 atque
1456 735 1592 776 hieme

264 787 434 840 armati3
473 790 747 843 quamobrem
784 804 857 832 eos
886 790 1018 842 etiam·
1041 790 1260 832 venationi
1290 805 1464 844 operam
1494 790 1593 831 dare

262 851 598 888 consentaneum
617 851 696 886 est.
728 846 894 887 Horum
917 846 1049 902 igitur
1066 846 1271 901 ipsorum,
1297 847 1385 888 sive
1405 846 1510 901 quis
1521 859 1594 887 eos

262 898 482 958 κρυπτοὺς
530 901 622 943 sive
660 903 852 957 agrarios
893 908 1113 943 curatores
1150 901 1367 957 appellare
1396 901 1594 954 voluerit,

264 957 560 1011 unusquisque
607 962 775 1010 promto
815 957 955 998 animo
997 957 1142 999 officio
1185 972 1264 999 suo
1295 957 1499 1014 fungatur
1531 961 1594 1012 (p.

264 1014 358 1054 762.
388 1012 439 1053 Β.
471 1036 523 1041 -
556 1012 647 1052 763.
680 1011 763 1066 (3.).
784 1034 838 1042 —-
896 1013 1102 1067 Sequitur
1130 1014 1226 1064 iam,
1259 1019 1306 1054 ut
1337 1013 1389 1055 de
1420 1028 1593 1055 rerum

266 1068 539 1109 venalium
581 1073 636 1108 et
664 1068 993 1110 urbanarum
1022 1068 1382 1111 curatoribus
1413 1070 1594 1124 (ἀγορα-

263 1123 420 1177 νόμοις
447 1129 491 1164 et
517 1123 805 1178 ἀστυνόμοις)
846 1124 1147 1179 exponendum
1186 1126 1253 1166 sit.
1314 1124 1595 1167 Constituan-

263 1186 333 1220 tur
368 1178 500 1235 igitur
528 1185 616 1220 tres
649 1178 808 1221 aediles
838 1186 881 1220 et
921 1180 1111 1234 quinque
1139 1180 1220 1223 fori
1251 1181 1480 1236 praefecti,
1520 1181 1594 1222 iis-

262 1249 346 1289 que
385 1240 504 1277 certa
541 1235 687 1276 munia
723 1234 1046 1278 demandentur.
1085 1239 1155 1291 [p.
1196 1236 1290 1279 763.
1337 1236 1387 1278 C.
1419 1261 1469 1268 —-
1501 1239 1595 1278 764.

263 1290 352 1344 C.).
382 1315 436 1320 —
495 1291 746 1332 Musicae
775 1305 903 1346 porro
934 1297 986 1332 et
1014 1294 1404 1348 gymnasticae
1435 1308 1594 1346 prae-

262 1346 285 1387 f
289 1360 344 1388 ec
357 1352 441 1387 tos
460 1345 648 1401 deligere
668 1345 807 1399 decet⁷
835 1346 1028 1401 duplices
1048 1347 1219 1401 quidem
1240 1349 1477 1402 utriusque.
1536 1349 1594 1391 Hi

262 1400 528 1457 prospiciant
577 1401 705 1443 rebus
749 1401 803 1442 ad
858 1402 1171 1444 institutionem
1219 1418 1269 1446 ac
1323 1403 1593 1458 disciplinam

262 1470 493 1513 puerorum
530 1462 574 1498 et
611 1457 948 1499 adolescentium
986 1458 1325 1522 pertinentibus3
1364 1459 1522 1502 scholis
1553 1467 1595 1501 et

264 1512 499 1569 gymnasiis
538 1512 786 1568 invigilent3
832 1513 876 1554 in
915 1514 1028 1556 ludis
1077 1514 1254 1557 musicis
1292 1521 1334 1556 et
1383 1515 1594 1571 gymnicis

264 1568 613 1610 concertantibus
651 1570 840 1623 praemia
879 1569 1133 1620 decernant3
1181 1571 1337 1613 choros
1375 1586 1426 1612 ac
1468 1571 1596 1613 salta-

263 1623 403 1666 tiones
423 1630 586 1677 curent,
618 1630 662 1664 et
690 1638 800 1678 quae
831 1624 915 1667 alia
944 1632 1045 1668 sunt
1074 1626 1228 1667 similia
1257 1628 1320 1681 (p.
1353 1628 1447 1669 764.
1479 1626 1594 1668 C.-

265 1680 358 1721 765.
398 1679 490 1733 D.).
533 1704 586 1710 --
655 1679 884 1721 Praeterea
922 1695 1024 1723 vero
1065 1681 1193 1722 etiam
1222 1683 1594 1737 magistratus

264 1733 475 1777 creandus
539 1742 626 1789 est,
695 1736 769 1790 qui
824 1736 1221 1778 institutionis
1290 1738 1594 1779 universae

264 1797 350 1832 tam
404 1791 662 1832 feminarum
714 1805 840 1845 quam
903 1793 1191 1834 masculorum
1248 1794 1593 1847 procurationem

264 1846 433 1889 habeat.
501 1846 719 1898 Quoniam
757 1861 859 1888 vero
902 1847 1129 1903 plurimum
1171 1848 1351 1890 interest
1390 1848 1445 1889 ad
1491 1849 1595 1891 civi-

265 1901 366 1943 tatis
397 1901 593 1951 salutem,
625 1909 671 1944 ut
702 1902 901 1944 iuventus
931 1909 1047 1945 recte
1077 1904 1342 1957 instituatur,
1373 1904 1478 1945 nihil
1507 1919 1595 1946 ma-

264 1957 331 2013 gis
374 1957 609 1999 curandum
650 1958 840 2011 videtur,
887 1973 1015 2012 quam
1054 1965 1102 2001 ut
1139 1960 1204 2001 vir
1242 1974 1368 2014 quam
1399 1961 1595 2015 optimus

264 2012 320 2053 ad
350 2012 432 2054 hoc
463 2013 654 2056 officium
686 2014 1007 2069 suscipiendum
1038 2014 1263 2071 deligatur.
1321 2015 1476 2069 Itaque
1507 2032 1595 2058 om-

262 2082 341 2110 nes
380 2068 680 2124 magistratus,
725 2071 917 2126 exceptis
949 2072 1216 2113 senatoribus
1255 2076 1298 2112 et
1327 2072 1594 2127 prytanibus‚

263 2124 308 2165 in
351 2124 510 2178 templo
547 2125 763 2180 Apollinis
801 2127 1059 2168 conveniant
1097 2134 1227 2181 atque
1257 2126 1475 2182 suffragiis
1505 2129 1595 2171 suis

263 2178 497 2232 declarent,
530 2195 757 2234 quemnam
786 2181 867 2236 ipsi
905 2196 1136 2237 puerorum
1165 2181 1408 2224 educationi
1438 2183 1596 2239 optime

265 2234 527 2290 praefectum
574 2236 626 2277 iri
666 2237 923 2279 existiment.
993 2237 1080 2292 Qui
1128 2238 1406 2293 plurimorum
1451 2239 1596 2280 tulerit

264 2288 469 2346 suffragia
506 2296 635 2344 atque
673 2293 997 2349 magistratibus
1035 2308 1207 2348 quoque
1251 2294 1355 2335 satis
1386 2295 1594 2349 probatus

266 2345 418 2399 fuerit,
460 2346 497 2387 is
538 2361 616 2401 per
653 2348 991 2403 quinquennium
1029 2349 1112 2390 hoc
1149 2349 1427 2405 magistratu,
1466 2350 1594 2405 longe

265 2401 338 2442 illo
367 2401 634 2457 gravissimo,
664 2404 969 2459 fungatur‘(p.
1003 2406 1095 2447 765.
1126 2404 1181 2445 D.
1218 2428 1264 2436 -·—
1297 2406 1391 2446 766.
1420 2406 1510 2460 R).
1540 2431 1593 2436 —-
1622 2460 1624 2462 v

266 2456 349 2497 His
395 2456 450 2498 de
494 2457 675 2514 singulis
722 2460 1046 2516 magistratibus
1101 2460 1331 2515 expositis⁷
1384 2461 1592 2515 quaedam

266 2512 501 2565 generatim
551 2513 768 2556 adduntur
817 2516 886 2570 (p.
926 2517 1018 2562 766.
1059 2513 1157 2569 Q).
1214 2516 1420 2559 Monetur
1467 2517 1595 2571 enim,

268 2566 371 2620 quid
407 2568 650 2630 faciendum
683 2571 762 2623 sit,
795 2571 829 2612 si
862 2571 958 2624 quis
987 2570 1283 2626 magistratum
1314 2577 1388 2614 aut
1416 2573 1597 2629 pupillo·
