1644 2886
263 69 365 111 296¹
741 68 1116 114 PLAT‘ONIS

255 187 401 240 χρῆμα
439 179 598 244 ποιήσῃ
635 182 778 234 πόλιν,
800 179 930 236 οὗτος
966 185 1018 228 τά
1056 187 1282 241 νικητήρια
1316 193 1444 244 φέρει.
1483 193 1580 232 τοῦ·

259 266 337 292 τον
371 249 423 302 δὴ
459 249 536 292 τὸν
573 249 710 304 νόμον
753 244 829 306 ἆρ’
871 249 951 294 οὐκ
995 251 1406 311 ἀποψηφιζόμεθα;
1440 259 1509 298 καὶ
1545 257 1583 299 εἴ

260 314 359 359 ποτ’
396 313 485 371 ἄρα
521 317 583 359 δεῖ
617 315 824 359 τοιούτων
869 317 1025 360 οἴκτων
1056 322 1290 373 γίγνεσθαι
1324 317 1425 369 τοὺς
1459 324 1580 365 πολί-

261 398 339 430 τας
370 379 597 434 ἐπηκόους,
617 380 785 426 ὁπόταν
808 380 961 438 ἡμέραι
990 383 1047 438 μὴ
1085 387 1288 439 καθαραί
1322 401 1432 435 τινες
1466 386 1577 429 ἀλλὰ

256 446 513 504 ἀποφράδες
546 442 646 498 ὦσι,
679 448 787 492 τόθ’
830 446 947 501 ἥκειν
982 452 1079 493 δέον
1108 448 1166 494 ἂν
1203 451 1266 503 εἴη
1300 453 1470 504 μᾶλλον
1504 470 1581 508 χο-

257 512 362 568 ρούς
404 530 526 564 τινας
576 515 740 566 έξωθεν
776 518 1134 570 μεμισθωμένους
1185 515 1347 571 ῳὸούς,
1398 516 1496 562 οἷον
1539 524 1581 562 οἱ

240 582 355 632 περὶ
403 578 507 629 τοὺς
559 579 900 633 τελευτήσαντας
938 583 1238 637 μισθούμενοι
1282 585 1451 643 Καρικῆ
1495 601 1580 627 τινι

257 642 418 706 Μουση
463 651 765 701 προπέμπουσι
807 646 910 696 τους
957 648 1326 700 τελευτήσαντας,·
1373 650 1580 694 τοιοῦτον

256 728 340 754 που
395 717 560 767 πρέπον
612 711 670 755 ἂν
712 713 775 766 εἴη
818 716 888 755 καὶ
935 717 1028 768 περὶ
1082 714 1163 764 τὰς
1206 713 1416 765 τοιαύτας
1461 716 1579 769 ᾠδάς

254 778 522 832 γιγνόμενον.
559 783 630 822 καὶ
666 778 719 831 δὴ
757 782 829 822 καὶ
863 779 996 831 στολή
1032 785 1077 833 γέ
1097 797 1184 824 που
1208 789 1303 831 ταῖς
1323 784 1579 833 ἐπικηδείοις

253 843 406 898 ᾠδαῖς,
443 843 495 887 οὐ
531 851 739 902 στέφανοι
773 849 974 900 πρέποιεν
1017 843 1073 888 ὀὲν
1110 845 1209 890 οὐδ’
1250 849 1469 902 ἐπίχρυσοι
1505 848 1577 891 κό-

938 910 945 923 ,
991 910 1007 923 tl

252 925 368 964 σμοι,
393 913 484 952 πᾶν
521 913 563 953 δὲ
599 911 875 960 τούναντίον,
899 915 939 954 ἵν
986 928 1009 954 o
1049 929 1086 954 τι
1111 912 1292 968 τάχιστα
1316 915 1411 968 περὶ
1429 913 1577 956 αὐτῶν

341 1096 381 1126 Ε.
432 1094 637 1126 τοιοῦτόν
663 1107 745 1127 που
773 1097 956 1142 πρέπον]
981 1097 1038 1129 Sic
1065 1098 1108 1128 A.
1144 1092 1180 1127 Ω.
1207 1097 1243 1129 Ξ.
1270 1108 1300 1127 v.
1329 1098 1351 1128 f.
1376 1098 1408 1128 h.
1435 1108 1460 1129 r.
1486 1109 1516 1130 a.
1544 1110 1572 1130 c.

253 1152 282 1171 ο
311 1139 338 1171 δ.
367 1151 412 1179 x.,
439 1141 504 1172 hoc
529 1149 591 1180 est,
617 1143 716 1174 codd.
742 1154 820 1175 mss.
853 1153 982 1175 omnes.
1034 1142 1147 1182 Vulgo
1174 1147 1248 1174 erat
1279 1140 1434 1174 τοιοῦτόν
1459 1155 1499 1174 τι
1519 1154 1572 1184 πρ.

947 1319 977 1338 v.
1022 1309 1290 1350 Phrynichus
1344 1311 1376 1341 in
1422 1310 1571 1342 Bekkeri

249 1311 378 1348 ptatem
416 1314 449 1339 et
491 1308 686 1348 mollitiem,
732 1311 790 1341 sed
834 1310 876 1340 ad

946 1356 1114 1390 Anecdot.
1146 1355 1173 1386 I.
1198 1365 1230 1396 p.
1260 1355 1300 1394 5,
1325 1354 1355 1388 8.
1383 1354 1570 1388 Grammat.

249 1354 409 1385 virtutem
420 1354 650 1386 roborandam
659 1356 876 1387 firmandam-

248 1409 314 1439 que
341 1400 493 1431 voluisse
516 1402 748 1440 attemperari.
788 1401 876 1432 Fue-

248 1449 328 1475 runt
364 1450 477 1476 autem
521 1445 616 1476 chori
661 1457 728 1477 non
775 1447 876 1477 unius

249 1491 397 1521 generis.
445 1491 519 1521 Alii
553 1491 642 1522 enim
673 1493 709 1522 in
741 1492 875 1523 theatro

248 1545 317 1566 una
350 1546 424 1567 cum
462 1536 588 1567 fabulis
620 1538 764 1568 scenicis
795 1547 874 1576 age-

247 1580 387 1619 bantur;
413 1581 471 1612 alii
487 1582 706 1621 pertinebant
722 1582 767 1612 ad
784 1582 872 1613 eius-

246 1626 340 1657 modi
372 1627 446 1657 dies
471 1627 578 1658 festos
606 1631 639 1657 et
665 1627 873 1667 spectacula,

245 1672 281 1702 in
305 1671 427 1712 quibus
452 1671 588 1703 fabulae
613 1682 681 1703 non
697 1673 872 1711 darentur,

245 1727 348 1757 quum
363 1717 476 1748 choris
490 1722 680 1748 certaretur
691 1714 871 1757 ἀνδρικοῖς,

246 1760 427 1798 παιδικοῖς,
455 1759 694 1803 πυῤῥιχιστῶν,
719 1764 809 1794 aliis.
841 1774 869 1794 v.

245 1807 309 1838 Fr.
345 1807 448 1848 Aug.
481 1808 660 1840 Wolfius
706 1808 869 1849 Prolegg.

243 1853 287 1883 ad
315 1852 490 1884 Demosth.
507 1853 642 1894 Leptin.
669 1864 701 1895 p.
728 1853 794 1885 XC
819 1863 870 1895 sq.

244 1898 334 1930 Hinc
342 1899 436 1930 locus
447 1899 604 1930 Platonis
612 1899 870 1941 expendendas.

288 1965 332 1996 D.
380 1960 443 2006 ἄρ’
482 1964 557 1997 οὐκ
590 1960 867 2008 ἀποψηφιζό-

240 2011 395 2052 μεθας]
422 2012 465 2042 Η.
490 2023 518 2043 e.
542 2014 780 2050 reiicimus,
805 2012 869 2044 ab·

242 2067 453 2097 ¹.ogamus.

269 2121 383 2155 ,ἀλλὰ
437 2120 684 2167 ἀποφράδες
738 2122 866 2168 ὦσιν]

241 2169 284 2200 H.
308 2180 338 2201 e.
364 2170 453 2201 dies
489 2172 651 2203 nefasti
680 2174 742 2203 vel
769 2173 866 2204 atri.

239 2215 412 2267 lfucian.
457 2216 706 2269 pseudologist
746 2229 773 2249 c.
811 2217 865 2250 13

241 2257 321 2291 ὅταν
344 2257 423 2301 μήτε
454 2271 487 2290 αι
520 2258 615 2303 ἀρχαὶ
639 2264 866 2304 χρηματίζωσι

238 2306 328 2361 μήτε
356 2303 565 2358 εἰςαγωγιμοι
605 2308 642 2339 αἱ
673 2307 760 2340 δικαι
794 2305 868 2344 ὦσι,

239 2347 328 2392 μήθ’
356 2347 444 2382 ὅλως
461 2362 488 2382 τι
510 2353 575 2384 τῶν
593 2354 711 2385 αἰσίων
728 2354 865 2391 τεληται,

239 2395 322 2439 αὕτη
346 2393 508 2437 ἀποφρὰς
532 2395 646 2440 ἡμέρα.
678 2399 795 2431 Schol.
822 2399 865 2430 ad

239 2444 270 2474 h.
299 2444 320 2473 1.
346 2439 544 2483 ἀποφράδες
574 2442 703 2498 ἡμέραι
731 2444 772 2476 ἐν
799 2441 865 2475 αἶς

241 2492 330 2519 τοῖς
378 2490 714 2529 κατοιχομέιοις
760 2487 864 2531 χοὰς

240 2532 516 2574 ἐπιφέρουσι.
552 2532 571 2577 ἧ
601 2547 633 2566 αι
664 2535 750 2577 πρὸς
780 2534 862 2574 πρά-

240 2580 306 2618 §eac
330 2575 566 2619 ἀνεπιτήδειοι.
595 2593 624 2612 v.
644 2583 808 2614 Moeris
835 2591 860 2611 s.

243 2636 270 2656 v
305 2625 465 2657 Snidas
504 2631 535 2657 et
569 2627 811 2669 Hesychius
837 2636 862 2655 s

944 1400 1025 1430 ibid.
1052 1411 1085 1440 p.
1110 1400 1188 1439 204,
1212 1400 1268 1434 31.
1293 1402 1353 1441 qui
1376 1406 1569 1441 postremus

942 1446 1189 1486 interpretatur
1222 1442 1502 1486 Ἂποφράδες·
1536 1445 1574 1476 αἱ

941 1489 1069 1531 ἐναγεῖς
1094 1492 1147 1522 καὶ
1160 1492 1273 1533 μιαραὶ
1299 1488 1414 1532 ἡμέραι
1438 1492 1491 1522 καὶ
1515 1491 1569 1529 με’-

941 1533 1569 1577 iaeva1.1bid.1.p438-31.'Ano-

942 1579 1119 1620 φράδες·
1154 1580 1190 1612 ἐν
1227 1590 1280 1613 αις
1316 1585 1385 1612 τοῖς
1416 1593 1567 1622 κατοιχο-

940 1625 1053 1663 μένοις
1088 1624 1171 1666 χοὰς
1209 1626 1445 1680 ἐπιφέρουσιν·
1481 1625 1501 1668 ἢ
1535 1627 1573 1658 αι’

941 1668 1027 1711 πρὸς
1071 1671 1208 1725 πράξεις
1259 1667 1498 1713 ἀνεπιτήδειοι·
1548 1669 1569 1713 ἢ

939 1717 1052 1756 μιαραὶ
1079 1712 1206 1759 ἡμέραι,
1230 1717 1367 1756 μάλιστα
1391 1717 1427 1748 έν
1451 1714 1504 1748 αις
1529 1716 1566 1749 τὰ

939 1761 1149 1803 ἑναγίσ.μαια
1199 1763 1305 1794 Plura
1328 1764 1370 1794 de
1393 1764 1436 1794 iis
1460 1773 1565 1802 ‹xpo-

939 1813 1082 1839 suerunt
1111 1808 1339 1840 Fabricius
1370 1817 1410 1839 ac
1443 1807 1565 1840 Bois-

938 1854 1085 1884 sonad.
1116 1854 1161 1885 ad
1189 1854 1314 1885 Marin.
1351 1853 1416 1885 Vit.
1450 1853 1567 1885 Procli

937 1909 969 1940 p.
987 1898 1064 1932 106.
1091 1904 1124 1929 et
1149 1898 1400 1930 Schomann.
1426 1899 1479 1930 De
1497 1898 1564 1930 Co-

937 1945 1042 1976 mitiis
1068 1944 1195 1976 Athen.
1220 1955 1252 1984 p.
1277 1944 1322 1977 50
1345 1954 1417 1985 sqq.

981 1990 1021 2024 E.
1072 1986 1169 2021 οἷον
1199 1989 1242 2020 οἱ
1269 1989 1361 2029 περὶ
1387 1987 1481 2020 τοὺς
1507 1999 1563 2019 τε·-

938 2032 1247 2076 λευῑήσαντας]
1292 2034 1407 2066 Schol.
1448 2035 1491 2066 ad
1528 2035 1570 2066 h..

938 2081 956 2110 1.
984 2085 1018 2111 et
1038 2080 1278 2121 Photiusp.
1295 2079 1370 2114 115.
1385 2080 1437 2111 ed.
1456 2080 1561 2111 Dind.

937 2124 1094 2167 Καρικῇ
1120 2125 1290 2165 Μούση·
1316 2125 1353 2165 τῇ
1376 2124 1559 2167 θρηνῳδει.

936 2169 1078 2202 δοκοῦσι
1103 2169 1165 2212 γὰρ
1192 2170 1228 2202 οἱ
1247 2170 1359 2209 Κᾶρες
1381 2170 1563 2224 &pqvtr'ffiot

937 2225 1020 2248 τινες
1031 2211 1115 2247 εἶναι
1134 2217 1186 2248 και
1205 2212 1401 2256 ἁλλοτριους
1416 2225 1560 2256 νεκρους

934 2260 987 2292 ἐπὶ
1032 2261 1147 2304 μισθῷ
1188 2261 1339 2302 θρηνεῖν.
1390 2260 1474 2292 τινὲς
1523 2259 1559 2292 δὲ

934 2305 1126 2349 ἐξήκουσαν
1150 2307 1186 2347 τῇ
1210 2304 1376 2348 βαρβάρῳ
1406 2307 1458 2337 καὶ
1475 2301 1556 2337 α’σα-

934 2356 1001 2392 φεῖ,
1030 2350 1144 2394 ἐπειδὴ
1175 2351 1211 2382 οἱ
1238 2351 1350 2391 Κᾶρες
1378 2350 1556 2392 βαρβαρό-

932 2409 1054 2438 φωνοι.
1102 2390 1321 2438 intelligendi
1358 2402 1437 2428 sunt
1467 2407 1556 2429 cau-

931 2449 1005 2476 tus
1038 2444 1212 2475 flebiles
1246 2453 1272 2474 s.
1306 2444 1414 2474 lessi
1441 2441 1555 2475 Cari-

931 2490 989 2521 cis
1015 2490 1152 2520 tibiae
1177 2489 1312 2520 modis
1342 2489 1554 2528 adaptati3

931 2535 1115 2566 naeniae
1139 2533 1293 2566 Carum
1325 2543 1436 2566 more
1462 2543 1552 2564 can-

931 2585 1057 2611 tatae.
1103 2580 1156 2611 Ab
1182 2579 1235 2611 his
1260 2579 1343 2620 ipsis
1367 2578 1552 2618 Euripides

930 2626 1082 2666 arguitur
1120 2626 1160 2657 ab
1200 2627 1226 2656 Α
1246 2635 1261 2655 r
1278 2626 1377 2656 isto
1393 2634 1413 2664 p
1429 2624 1446 2653 h
1467 2633 1516 2659 an
1534 2634 1554 2654 e

1422 2733 1434 2749 Β
