1644 2886
259 111 348 150 404
466 107 918 151 ARGUMENTUM
946 108 1115 151 nlssffl
1149 109 1395 151 OCTAVI.

259 220 350 261 veri
379 219 531 271 debet,
572 233 626 259 ne
655 218 824 259 vicinus
854 218 997 260 vicino
1029 218 1230 261 damnum
1259 220 1430 274 inferat,
1462 219 1594 274 idque

258 275 477 331 prohiberi
499 278 674 328 oportet
692 273 822 315 variis
841 273 1008 329 legibus
1032 290 1110 330 pro
1139 275 1257 317 varia
1274 277 1594 331 possessionum

258 328 423 371 ratione
447 328 701 371 scribendis.
759 329 990 383 Praeterea
1010 330 1129 386 leges
1149 331 1401 373 scribendae
1423 337 1522 374 sunt
1541 332 1595 373 de

259 385 467 437 fontibus,
489 384 627 439 aquis,
645 385 801 440 puteis,
818 391 862 426 et
877 385 914 426 si
932 400 1042 439 quae
1059 393 1161 427 sunt
1176 386 1343 429 similia.
1383 388 1525 428 Etiam
1541 387 1596 429 de

259 440 759 496 colligendisfructibus,
779 440 911 482 veluti
933 441 986 482 de
1006 442 1114 495 uvis,
1139 442 1324 496 ficubus,
1343 443 1450 496 aliis,
1469 458 1595 484 accu-

259 502 351 537 rate
369 495 676 549 definiendum,
698 502 910 550 quatenus
931 496 1112 551 civibus,
1132 498 1282 552 servis,
1304 499 1524 552 inquilinis
1554 506 1598 539 et

260 552 516 607 peregrinis,
547 552 708 593 alienos
729 553 896 593 fructus
916 567 1091 607 carpere
1112 553 1254 595 liceat.
1312 555 1408 596 Nec
1427 555 1597 610 frugum

261 607 636 649 convehendarum
668 615 743 648 aut
771 622 980 662 aquarum
1010 623 1115 664 pure
1153 609 1462 651 servandarum
1492 625 1595 651 cura

262 662 532 719 negligenda.
601 664 668 705 De
711 663 896 718 opificiis
934 679 1037 705 vero
1075 664 1355 707 sanciendum
1392 666 1474 724 hoc
1514 672 1596 718 est,

261 725 311 760 ut
348 733 472 760 nemo
510 719 616 761 civis
658 733 707 761 ea
738 726 958 771 exerceat,
1004 734 1135 773 quum
1172 722 1290 763 cives
1328 736 1476 763 omnes
1513 721 1598 762 iam

263 775 368 816 satis
405 775 449 815 in
488 774 748 830 reipublicae
794 775 931 816 salute
979 775 1168 817 iuvanda
1215 782 1259 817 et
1306 777 1600 819 conservanda

263 830 465 884 occupati
505 831 605 872 sint.
674 831 905 872 Praeterea
942 832 1122 885 quilibet
1159 832 1305 886 opifex
1346 848 1473 873 unam
1504 840 1598 873 tan-

262 894 352 927 tum
383 891 518 927 artem
560 885 755 928 factitare
784 892 1004 941 teneatur,
1045 887 1390 941 quandoquidem
1422 894 1599 929 naturae

264 942 476 982 humanae
516 942 785 983 imbecillitas
826 957 911 983 non
953 943 1139 997 patitur,
1183 951 1231 984 ut
1268 945 1364 997 quis
1395 944 1438 984 in
1469 945 1598 998 pluri-

264 998 344 1038 bus
394 997 558 1038 artibus
610 997 734 1039 simul
794 997 984 1038 elaboret
1029 999 1221 1043 feliciter.
1300 999 1602 1041 Constituatur

264 1067 394 1107 porro
434 1068 483 1094 ac
523 1053 740 1094 sanciatur
790 1053 973 1108 publicis
1012 1054 1205 1110 legibuS,
1257 1061 1307 1096 ut
1343 1070 1395 1096 ne
1436 1070 1601 1097 merces

264 1109 534 1163 peregrinae,
574 1109 660 1150 nisi
691 1109 726 1150 si
765 1123 875 1163 quae
915 1109 1074 1151 fuerint
1113 1112 1403 1163 necessariae,
1442 1111 1600 1166 impor-

265 1172 433 1217 tentur,
473 1178 581 1205 neve
621 1164 732 1205 ullae
773 1171 1078 1220 exportentur,
1120 1166 1276 1220 quibus
1317 1167 1469 1208 civitas
1507 1168 1603 1222 ipsa

265 1219 461 1276 indigeat
516 1221 587 1274 (p.
643 1221 739 1263 843.
785 1223 841 1263 A.
874 1243 925 1251 --
964 1222 1059 1263 847.
1099 1221 1195 1276 Ε).
1236 1246 1288 1252 ——
1350 1224 1603 1264 >Praeterea

266 1290 440 1317 annona
478 1275 714 1317 curandum
763 1282 830 1318 est
868 1283 918 1318 ut
957 1277 1002 1318 in
1041 1283 1130 1319 tres
1177 1283 1321 1333 partes
1370 1277 1601 1330 dividatur,

268 1346 448 1386 quarum
478 1346 565 1372 una
601 1332 764 1385 liberis,
795 1332 929 1373 altera
957 1333 1116 1387 servis,
1146 1334 1276 1375 tertia
1304 1333 1533 1387 opificibus
1562 1341 1604 1375 et

267 1386 447 1429 advenis
488 1386 707 1430 destinata
742 1387 810 1430 sit.
877 1387 1126 1430 Curandum
1177 1388 1279 1430 item
1319 1395 1412 1442 est,
1451 1396 1499 1431 ut
1537 1404 1602 1431 se-

265 1443 440 1484 iunctae
471 1443 560 1484 sint
588 1443 852 1500 singulorum
882 1443 1193 1498 habitationes,
1226 1451 1355 1499 atque
1383 1446 1427 1486 in
1456 1445 1603 1501 singu-

266 1499 320 1540 lis
358 1497 587 1540 duodecim
625 1499 813 1555 regionis
855 1500 1050 1554 partibus
1077 1497 1202 1542 'vicus
1235 1516 1331 1542 cum
1361 1501 1521 1557 templo
1554 1516 1604 1542 ac

265 1555 362 1596 foro
402 1554 654 1608 reperiatur.
729 1553 922 1609 Opifices
964 1571 1092 1610 porro
1134 1556 1337 1598 tredecim
1376 1557 1420 1598 in
1459 1563 1603 1612 partes

268 1609 398 1651 divisi
427 1616 579 1662 sunto,
608 1610 669 1651 ita
699 1609 898 1664 quidem,
938 1617 988 1652 ut
1016 1626 1101 1651 una
1131 1625 1230 1666 pars
1267 1612 1312 1653 in
1340 1612 1468 1665 urbe,
1506 1613 1604 1655 reli-

269 1679 380 1719 quae
419 1665 465 1706 in
503 1665 611 1708 vicis
647 1665 793 1708 sedem
843 1680 893 1707 ac
939 1665 1202 1708 domicilium
1240 1682 1364 1708 suum
1403 1668 1603 1710 habeant.

267 1721 411 1763 Etiam
440 1735 582 1762 rerum
620 1721 833 1763 venalium
876 1736 980 1763 cura
1009 1722 1217 1764 habeatur
1247 1737 1374 1776 quam
1406 1725 1603 1777 maxima,

269 1775 602 1830 sancianturque
639 1777 760 1833 leges
807 1776 860 1818 de
907 1778 1115 1820 bonorum
1161 1778 1230 1820 vel
1274 1778 1605 1834 amplificatione

269 1832 340 1875 vel
377 1830 684 1874 deminutione.
750 1832 952 1887 Denique
999 1849 1084 1888 qua
1113 1833 1359 1876 conditione
1388 1836 1605 1891 peregrini

267 1889 313 1986 ἱᾸι
343 1887 757 1998 ιιὼθὲιὲὸθεέξςῑεηᾶί
788 1889 886 1940 sint,
920 1889 1088 1945 legibus
1107 1889 1392 1933 constituatur
1423 1893 1486 1946 (p.
1511 1893 1605 1933 848.
