1644 2886
249 105 335 166 nx
672 103 1150 148 PROLEGOMENA

356 217 444 260 Sed
472 218 576 263 satis
605 216 712 258 haec
741 214 795 257 de
823 215 964 257 Clinia
994 222 1039 257 et
1075 215 1269 271 Megillo.
1326 218 1480 260 Monet
1507 233 1573 260 res

246 275 356 329 ipsa,
386 279 436 316 ut
468 273 687 328 paulisper
716 277 979 313 revertamur
1009 271 1063 313 ad
1094 272 1416 328 Atheniensem,
1449 288 1575 328 quem

245 329 330 372 iam
359 343 490 384 supra
518 326 804 369 intelleximus
836 327 1169 383 prudentissimo
1209 329 1385 370 consilio
1426 330 1468 370 in
1508 329 1575 372 his

245 385 366 428 libris
402 385 652 438 vloquentem
690 383 850 425 induci.
919 383 979 425 Et
1020 384 1056 426 is
1099 383 1270 438 quidem
1312 386 1495 427 sustinet
1530 386 1575 427 in

246 441 313 483 his
343 439 624 492 sermonibus,
655 439 780 480 sicuti
808 454 886 494 par
914 446 1000 493 est,
1030 447 1174 495 partes
1203 441 1435 495 primarias.
1496 441 1577 483 Est

248 497 358 538 enim
400 496 445 536 in
482 494 720 537 dialecticis
758 496 919 550 pariter
968 503 1097 550 atque
1138 496 1181 536 in
1224 496 1348 538 rebus
1388 498 1575 552 politicis

247 552 435 594 omnium
473 551 632 606 optime
662 558 869 593 versatus.
929 551 1218 604 Quamobrem
1249 553 1288 592 ei
1318 553 1400 594 hoc
1429 569 1575 595 munie-

247 608 304 650 ris
334 607 480 649 datum
511 613 589 660 est,
620 614 669 648 ut
697 622 806 649 unus
836 608 922 649 fere
952 623 1117 649 omnem
1151 616 1193 648 et
1222 623 1359 650 novae
1389 609 1575 650 civitatis

248 662 496 705 condendae
538 669 581 704 et
617 663 759 719 legum
809 663 1022 718 sapienter
1062 663 1331 705 ferendarum
1370 665 1577 707 rationem

247 720 454 773 illustret,
501 726 631 773 atque
672 719 779 760 adeo
827 720 963 775 ipsius
1013 720 1307 775 legumlatoris
1354 735 1577 775 personam

248 776 470 818 sustineat.
542 776 607 816 Ex
645 790 731 829 qua
769 791 854 816 una
891 791 936 817 re
974 777 1154 817 maxime
1194 775 1422 817 iudicanda
1461 785 1576 830 sunt,

248 846 357 885 quae
399 831 438 872 ei
478 840 681 886 tanquam
731 831 853 885 priva
893 838 936 873 et
982 831 1216 887 peculiaria
1262 831 1576 875 adscribuntur.

248 888 364 930 Nam
400 887 582 943 primum
627 887 798 942 quidem
846 902 923 942 pro
970 903 1085 929 more
1134 887 1461 929 Atheniensium
1511 896 1579 930 est

249 943 490 998 πολιίνλυγύς
530 959 572 985 τε
621 948 691 984 καὶ
735 942 995 999 φιλόλογος,
1034 943 1162 985 sicuti
1211 944 1303 998 ipse
1350 959 1434 985 non
1487 946 1577 986 sine

248 1002 389 1042 laceto
427 1000 574 1054 lepore
613 999 771 1040 fatetur
808 999 929 1041 Libr.
969 999 1005 1040 I.
1044 1015 1085 1055 p.
1117 1002 1210 1040 641.
1246 1000 1297 1042 D.
1329 1000 1381 1041 E.
1414 1000 1576 1056 signifi-

249 1071 351 1098 cans
401 1055 624 1108 videlicet,
672 1070 766 1097 sese
816 1061 1027 1110 promtum
1077 1062 1358 1110 paratumque
1395 1057 1485 1097 fore
1523 1056 1578 1098 ad

249 1111 501 1168 explicanda
539 1126 588 1152 ea
625 1111 787 1165 omnia,
827 1112 872 1151 in
917 1126 1025 1165 quae
1055 1112 1166 1153 torte
1197 1126 1334 1153 sermo
1359 1111 1577 1153 inciderit.

250 1167 419 1209 Deinde
446 1181 652 1223 perquam
681 1167 919 1208 humaniter
945 1173 1135 1222 praestat
1163 1166 1277 1221 quod
1299 1167 1579 1209 familiaribus

249 1223 469 1279 pollicitus
510 1229 598 1275 est,
638 1222 987 1278 quandoquidem
1036 1221 1253 1264 indefesso
1304 1223 1448 1265 studio
1495 1224 1579 1265 illis

250 1280 461 1336 impertit,
502 1278 713 1333 quidquid
751 1278 804 1320 de
833 1294 879 1320 re
906 1280 949 1320 in
980 1279 1273 1333 quaestionem
1304 1286 1457 1320 vocata
1486 1279 1580 1333 ipse

253 1336 433 1378 noverit.
496 1334 595 1387 Qua
651 1334 703 1375 de
750 1349 903 1376 caussa
951 1334 1131 1376 subinde
1180 1335 1305 1375 etiam
1352 1335 1579 1377 admonere

251 1407 336 1436 non
374 1391 566 1443 dubitat,
604 1390 832 1432 familiares
863 1390 1009 1431 talium
1046 1406 1188 1431 rerum
1218 1390 1371 1432 notitia
1402 1406 1486 1432 non
1515 1393 1578 1432 vi—

252 1448 342 1489 deri
372 1461 466 1489 esse
497 1444 704 1488 imbutos:
753 1447 874 1488 cuius
912 1446 972 1487 rei
1012 1446 1207 1500 exempla
1246 1453 1346 1488 sunt
1384 1447 1502 1488 Libr.
1536 1447 1571 1487 Ι.

252 1519 293 1559 p.
334 1505 430 1546 634.
467 1503 624 1544 A—D.
665 1504 759 1544 638.
798 1502 850 1544 Ε.
889 1517 953 1556 sq.
996 1504 1092 1544 640.
1124 1503 1180 1543 A.
1212 1503 1305 1544 641.
1339 1502 1390 1543 E.
1421 1503 1506 1544 111.
1536 1518 1579 1556 p.

252 1560 347 1602 688.
377 1559 428 1601 Β.
470 1573 562 1613 sqq.
605 1559 701 1602 694.
744 1557 796 1601 C.
827 1560 918 1599 696.
962 1558 1018 1600 D.
1051 1561 1143 1600 711.
1189 1559 1243 1599 A.
1285 1558 1363 1600 IV.
1400 1575 1442 1614 p.
1484 1561 1576 1599 705.

252 1616 309 1658 D.
351 1630 447 1670 sqq.
490 1614 562 1656 vI.
591 1630 633 1670 p.
666 1615 763 1656 780.
806 1614 857 1655 D.
887 1614 945 1655 X.
976 1630 1016 1669 p.
1059 1615 1153 1656 886.
1182 1614 1232 1656 B.
1267 1615 1361 1656 892.
1396 1615 1448 1655 D.
1481 1629 1575 1668 sqq.

254 1673 347 1715 897.
385 1672 442 1712 D.
482 1671 576 1712 898.
618 1669 670 1712 C.
736 1670 948 1712 Nimirum
986 1669 1030 1710 id
1061 1670 1130 1710 ille
1169 1686 1254 1711 non
1292 1670 1462 1711 inficete
1507 1677 1580 1711 aut

252 1728 460 1769 inurbane
490 1727 550 1768 ita
580 1726 717 1768 facere
746 1726 1052 1768 existimandus
1083 1732 1163 1778 est⁷
1196 1726 1320 1768 sicuti
1350 1727 1485 1767 visum
1517 1733 1581 1768 est

253 1784 478 1825 Zellero
519 1782 644 1825 Stud.
682 1782 789 1823 Plat.
838 1798 878 1836 p.
918 1783 986 1825 55.
1030 1796 1093 1834 sq.
1137 1788 1180 1823 et
1220 1798 1261 1836 p.
1307 1784 1371 1822 69.
1441 1783 1580 1822 Abest

253 1840 364 1882 enim
385 1839 630 1894 longissime
650 1839 702 1880 ab
723 1837 968 1892 importuna
988 1838 1070 1879 ista
1090 1839 1342 1890 rusticitate,
1374 1852 1458 1890 qua
1486 1838 1578 1890 ipse

254 1895 457 1951 magister
497 1894 765 1935 familiarium
807 1893 941 1934 videri
980 1894 1126 1948 cupiat
1156 1900 1229 1934 aut
1256 1894 1307 1935 iis
1336 1893 1580 1935 nolentibus

254 1966 373 1994 suam
412 1950 666 2005 sapientiam
705 1949 879 1990 moleste
923 1949 1165 1992 obtrudere.
1246 1951 1337 1991 Imo
1377 1949 1465 2004 agit
1503 1964 1579 2003 po·-

257 2009 341 2050 tius
383 2022 434 2047 ea
468 2007 513 2048 in
553 2021 598 2047 re
637 2005 870 2047 liberaliter
908 2012 1036 2059 atque
1083 2006 1364 2061 morigeratur
1412 2005 1579 2046 illorum

256 2063 466 2105 voluntati
507 2069 655 2118 utpote
698 2061 969 2102 vehementer
1007 2063 1272 2116 optantium,
1313 2073 1361 2101 ut
1401 2061 1453 2101 ab
1483 2061 1579 2114 ipso

256 2119 308 2160 de
329 2118 599 2174 rebus‘longe
618 2118 881 2173 gravissimis
914 2124 956 2158 et
984 2117 1133 2160 auditu
1162 2116 1423 2159 suavissimis
1454 2131 1580 2170 quam

257 2174 501 2230 plenissime
543 2173 816 2215 edoceantur.
882 2172 1000 2225 Quin
1052 2174 1176 2215 etiam
1214 2171 1328 2225 quod
1366 2171 1578 2213 interdum

257 2235 462 2272 memorat
517 2230 747 2271 amicorum
797 2229 1072 2283 imperitiam,
1125 2228 1168 2269 id
1226 2243 1309 2270 non
1370 2227 1578 2284 gloriandi

257 2287 410 2330 caussa
440 2285 567 2338 tacit,
598 2284 675 2326 sed
705 2290 752 2329 ut
782 2285 942 2326 urbane
974 2291 1017 2326 et
1046 2284 1284 2326 humaniter
1313 2292 1508 2335 excuset,
1542 2283 1579 2324 si

259 2342 361 2398 quid
392 2349 557 2397 praeter
586 2341 881 2382 necessitatem
913 2341 1200 2396 explicaturus
1226 2339 1431 2382 videatur.
1491 2339 1578 2380 Ne-

260 2414 342 2453 que
372 2413 467 2441 cum
498 2397 719 2439 Zellero
747 2397 775 2438 l.
806 2412 843 2438 c.
876 2413 915 2452 p.
947 2399 1012 2438 69.
1042 2410 1105 2450 sq.
1136 2396 1190 2437 ad
1221 2396 1382 2438 'vanam
1418 2395 1580 2436 iactan-

259 2456 358 2496 tiam
399 2452 635 2506 retulerim,
676 2451 792 2507 quod
830 2452 1044 2495 interdum
1074 2452 1155 2494 sibi
1182 2453 1274 2506 ipse
1307 2451 1457 2493 tribuit
1484 2450 1578 2491 dili-

259 2512 494 2566 gentiorem
534 2523 671 2552 rerum
711 2509 906 2550 notitiam
943 2515 986 2550 et
1022 2523 1172 2560 usum,
1211 2514 1261 2550 ut
1298 2507 1417 2549 Libr.
1463 2508 1495 2548 l.
1536 2521 1575 2560 p.

261 2569 354 2608 (336.
385 2566 435 2608 B.
466 2567 560 2609 63⁷..
599 2564 654 2606 D.
696 2579 761 2618 sq.
801 2566 895 2607 642.
926 2564 983 2606 D.
1013 2564 1071 2605 ΙΙ.
1104 2579 1145 2618 p.
1175 2564 1270 2606 656.
1301 2562 1355 2605 D.
1390 2563 1483 2605 659.
1521 2562 1577 2603 D.

263 2640 300 2678 p.
336 2624 426 2664 (374.
479 2621 531 2664 A.
583 2620 664 2663 ΙΙΙ.
696 2636 735 2676 ρ.
764 2622 856 2663 677.
898 2621 952 2662 D.
987 2619 1036 2661 E.
1068 2620 1122 2661 V.
1152 2635 1192 2675 p.
1225 2620 1317 2662 747.
1350 2617 1398 2661 C.
1426 2617 1504 2660 VI.
1535 2633 1576 2671 p.
