1644 2886
511 89 684 134 LIBRI
729 89 983 134 couvi.
1151 68 1155 73 “
1342 91 1437 139 403

59 204 293 247 abstinere.
354 204 572 248 Nimirum
611 204 655 247 hi
687 219 821 259 quum
871 204 1082 248 victoriae
1123 205 1167 247 in
1206 203 1424 261 gymnicis

59 261 368 310 certaminibus
420 261 713 317 reportandae
771 261 917 318 gratia
964 260 1283 317 cupiditatibus
1329 260 1423 304 suis

58 317 372 361 moderandum
403 319 692 370 arbitrentur-3
741 324 909 373 quanto
952 318 1191 375 gloriosius
1244 317 1423 363 tandem

58 376 305 419 existimare
356 374 578 419 debebunt
629 375 931 432 adolescentes
986 376 1152 430 nostri,
1202 374 1424 421 lubidines

58 447 160 475 suas
190 447 343 488 regere
366 447 426 475 ac
454 438 713 489 temperare,
745 438 792 474 ut
814 432 946 489 longe
977 433 1285 489 pulcerrimam
1315 447 1420 475 con·

56 495 298 544 sequantur
337 489 590 542 victoriam,
631 504 719 544 qua
757 496 896 532 semet
924 490 1045 546 ipsos
1077 506 1103 532 a
1133 504 1266 532 saeva
1297 489 1421 545 cupi-

57 545 243 588 ditatum
282 546 514 604 tyrannide
555 558 768 603 perpetuo
817 547 862 588 in
903 547 1150 589 libertatem
1199 545 1424 592 vindicent

57 610 188 658 atque
227 617 351 645 suam
390 604 473 646 sibi
513 611 720 646 tueantur
759 603 1050 659 dignitatem?
1109 606 1259 659 Atque
1290 603 1424 645 etiam

55 660 279 703 brutarum
309 660 594 703 animantium
625 661 870 715 exemplum
900 660 1114 704 hoerloco
1136 660 1302 716 poterit
1331 675 1422 702 me-

55 715 228 771 morari,
258 733 442 773 quarum
471 717 706 774 plerasque
735 717 934 760 videmus
964 725 1084 760 caste
1117 724 1161 759 et
1193 718 1419 760 continen-

54 781 122 817 ter
158 775 304 816 vivere
344 781 477 829 atque
515 789 542 816 a
579 789 693 831 vaga
739 774 914 816 Venere
966 774 1215 816 abhorrere.
1295 775 1420 816 Haec

55 831 189 889 igitur
219 831 365 874 omnia
404 831 599 887 prudens
645 830 876 888 legislator
917 830 974 873 ad
1015 830 1303 874 coercendam
1352 846 1420 874 re-

54 888 391 945 pellendamque
429 888 516 930 vim
557 903 719 944 pravae
759 887 970 931 lubidinis
1021 888 1066 930 in
1111 888 1290 931 civitate
1340 903 1421 932 sua

53 938 292 988 adhibebit.
370 944 450 988 Sin
496 954 643 987 autem
701 945 1085 998 animadverterit,
1137 945 1419 987 nihilominus

53 1003 184 1045 latius
214 1017 389 1057 serpere
411 1003 634 1057 nequitiae
672 1002 956 1057 pravitatem,
988 1009 1081 1044 tum
1101 1017 1207 1044 vero
1237 1002 1300 1043 illi
1331 1002 1419 1058 legi

52 1065 280 1102 succurret
308 1060 392 1113 ita,
424 1066 473 1101 ut
501 1060 633 1102 etiam
663 1059 938 1116 gravioribus
967 1060 1165 1115 corporis
1194 1059 1418 1101 laboribus

53 1123 98 1158 et
135 1116 524 1162 exercitationibus
563 1116 738 1172 frangat
776 1115 1064 1172 cupiditatum
1095 1115 1417 1158 vehementiam

52 1179 184 1228 atque
225 1179 399 1228 turpem
437 1173 731 1227 infamemque
776 1172 927 1215 haberi
975 1189 1073 1216 eum
1115 1173 1291 1227 iubeat,
1341 1172 1416 1228 qui

51 1230 316 1287 vulgivagae
357 1230 523 1272 Veneri
561 1229 737 1271 deditus
785 1230 930 1272 fuerit.
1008 1230 1190 1285 Itaque,
1230 1230 1270 1273 si
1307 1229 1417 1272 deus

52 1287 264 1341 voluerit,
307 1302 360 1329 ex
398 1286 572 1330 duobus
621 1287 878 1329 alterutrum
927 1288 973 1329 in
1012 1287 1145 1330 rebus
1194 1286 1418 1330 amatoriis

53 1343 370 1397 obtinebimus,
411 1350 463 1386 ut
502 1350 579 1386 aut
607 1356 735 1386 nemo
766 1343 985 1400 flagitiose
1015 1359 1199 1400 peccare
1231 1343 1408 1398 audeat,

51 1407 129 1442 aut
158 1401 449 1443 masculorum
478 1416 667 1443 amorem
698 1401 874 1456 penitus
904 1401 1134 1453 tollamus;
1165 1400 1286 1456 quod
1310 1415 1413 1444 vero

51 1456 108 1500 ad
143 1457 348 1500 mulieres
379 1458 564 1511 attinet,
605 1457 641 1500 si
683 1458 781 1513 quis
813 1472 910 1501 cum
942 1455 1090 1513 aliqua
1118 1473 1208 1500 rem
1239 1458 1415 1512 habeat,

51 1529 163 1570 quae
194 1530 282 1556 non
315 1514 397 1558 diis
427 1514 680 1572 auspicibus
709 1515 935 1570 sacrisque
964 1516 1130 1572 nuptiis
1161 1515 1207 1557 in
1238 1514 1415 1558 domum

19 1571 242 1624 'venerit‚
281 1571 374 1614 sive
416 1587 467 1614 ea
510 1578 626 1614 emta
667 1571 727 1614 sit
768 1573 861 1615 sive
901 1571 986 1614 alio
1016 1572 1147 1615 modo
1179 1572 1413 1627 acquisita,

50 1643 192 1683 neque
230 1627 276 1670 id
314 1628 425 1671 clam
457 1629 628 1671 civibus
659 1629 862 1672 omnibus
893 1629 1049 1684 faciat,
1090 1629 1207 1672 hunc
1238 1635 1413 1672 statua-

49 1700 144 1735 mus
184 1684 386 1728 omnibus
426 1686 473 1728 in
514 1686 694 1728 civitate
730 1685 970 1729 honoribus
1014 1686 1277 1744 privandum
1317 1701 1414 1730 esse

50 1743 112 1799 (p.
161 1799 329 1840 Verum
357 1797 467 1841 haec
494 1799 671 1854 quidem
702 1798 757 1840 de
788 1798 945 1842 diebus
974 1799 1098 1842 festis
1127 1806 1261 1856 atque
1292 1801 1408 1845 ludis

49 1855 338 1908 solemnibus,
379 1854 522 1910 deque
552 1855 798 1898 lubidinum
836 1862 882 1898 et
921 1856 1212 1912 cupiditatum
1254 1857 1299 1900 vi
1335 1873 1411 1906 ,sa-

48 1912 221 1968 pienter
255 1911 547 1954 refrenanda.-
592 1912 822 1969 Pergimus
861 1911 916 1954 ad
951 1913 1116 1956 victum
1155 1914 1409 1970 cultumque

49 1969 222 2012 civium.
291 1968 369 2013 Et>
391 1967 446 2011 de
484 1969 698 2011 conviviis
734 1968 909 2024 quidem
948 1970 1136 2027 publicis
1166 1971 1252 2013 iam
1283 1978 1413 2015 antea

49 2025 157 2068 satis
189 2025 453 2082 explicatum
483 2035 562 2069 est.
619 2025 688 2068 De
709 2025 778 2068 his
805 2026 940 2083 igitur
969 2042 1058 2069 non
1088 2034 1156 2070 est
1186 2043 1264 2070 eur
1293 2043 1412 2072 nunc

47 2082 214 2138 aliquid
243 2081 492 2124 addendum
512 2082 819 2126 existimemus.
881 2082 1016 2136 Quod
1044 2099 1148 2127 vero
1179 2085 1235 2127 ad
1264 2086 1410 2129 victus

48 2138 332 2195 comparandi
374 2139 587 2182 rationem
624 2139 803 2193 attinet,
846 2138 1009 2182 dudum
1049 2140 1163 2183 inter
1196 2157 1277 2185 nos
1307 2157 1412 2185 con·

46 2196 182 2251 venit,
212 2196 382 2239 civitati
412 2202 587 2240 nostrae
616 2197 923 2239 commercium
949 2197 1212 2241 maritimum
1243 2200 1299 2242 ob
1332 2199 1409 2242 da-

47 2269 169 2307 mna,
224 2268 336 2308 quae
386 2252 489 2296 inde
535 2253 754 2308 oriantur,
794 2268 974 2310 prorsus
1013 2255 1241 2298 vitandum
1295 2271 1406 2306 esse.

48 2309 270 2364 Quocirca
318 2310 438 2367 leges
489 2309 543 2352 de
590 2310 674 2352 hac
715 2325 761 2352 re
800 2316 850 2352 ut
896 2311 1169 2366 scribantur,
1210 2329 1299 2356 non
1339 2320 1407 2356 est

47 2367 353 2410 necessarium.
412 2366 516 2409 Alia
553 2381 655 2409 vero
694 2367 806 2409 ratio
837 2374 906 2409 est
934 2368 1250 2425 agriculturae3
1292 2386 1404 2426 quae

47 2438 178 2477 quum
218 2439 244 2466 a
284 2423 446 2466 nostris
487 2423 655 2467 civibus
703 2423 855 2466 sedulo
906 2425 1151 2467 exercenda
1201 2429 1283 2480 sit,
1334 2442 1403 2470 res

47 2478 145 2535 ipsa
171 2481 392 2535 postulat,
432 2486 482 2522 ut
523 2480 578 2522 de
623 2495 674 2522 ea
703 2480 824 2537 leges
850 2482 1184 2525 constituantur.
1246 2483 1404 2539 Itaque

45 2536 230 2591 primum
267 2537 507 2580 curandum
549 2543 638 2591 est,
689 2543 738 2579 ut
776 2552 979 2594 agrorum
1018 2539 1227 2583 terminos
1275 2556 1402 2584 nemo

45 2598 243 2646 moveat,
287 2600 331 2635 et
367 2594 404 2636 si
444 2594 543 2649 quis
582 2594 644 2636 ita
675 2594 854 2648 fecerit,
886 2595 923 2637 is
955 2594 1115 2638 divinis
1146 2598 1311 2652 pariter
1338 2604 1403 2641 at-

45 2663 128 2704 que
166 2650 367 2692 humanis
419 2651 571 2707 poenis
616 2651 832 2693 obnoxius
874 2651 1096 2694 habeatur.
1162 2654 1300 2697 Porro
1330 2669 1401 2697 oa-

1031 2731 1135 2771 96*
