1644 2886
487 92 569 135 DE
603 91 882 138 LEGIBUS
916 97 997 133 etc.
1232 88 1418 133 LXVII

48 207 279 249 verborum
333 221 461 250 usum
499 208 538 249 si
587 205 846 265 expendere
884 204 1138 262 singulatim
1190 204 1415 259 vellemus,

50 263 295 329 copiosiore
335 279 447 321 opus
486 264 602 306 {oret
641 262 966 319 disputatione,
1015 277 1147 317 quam
1186 276 1301 318 quae
1339 276 1417 318 per

49 320 179 363 huius
213 321 352 363 libelli
400 321 627 379 angustias
672 320 800 363 nobis
839 333 1056 363 concessa
1103 327 1184 362 est.
1258 318 1417 374 Itaque

47 392 334 434 properamus
374 378 432 421 ad
458 378 660 420 ultimum
673 409 685 431 ‚
730 376 851 431 quod
887 377 1040 419 critico
1070 377 1116 418 in
1144 390 1229 419 usu
1256 376 1418 418 forma-

48 449 170 489 rum,
213 435 374 491 quibus
413 435 629 478 vocabula
666 434 712 475 in
755 433 954 490 Legibus
983 439 1198 489 usurpata
1226 432 1419 490 insignia

48 492 160 545 sint,
202 491 397 535 notabile
437 492 579 535 visum
618 498 699 533 cst.
769 490 1097 533 Animadvertit
1127 490 1242 532 enim
1272 505 1317 546 p.
1348 492 1417 532 87.

47 549 204 591 mirum
246 549 472 603 accidere,
516 548 635 604 quod
674 547 811 588 dativi
846 548 1015 589 numeri
1046 547 1255 602 plurativi
1285 548 1418 589 toties

48 606 94 648 in
125 621 247 649 οισι
276 612 321 648 et
350 622 473 649 αισι
502 605 725 648 terminati
767 604 868 648 sint.
927 604 1070 658 Atqui
1102 619 1209 646 usus
1239 604 1312 646 hic
1341 603 1418 646 da-

47 663 128 704 tivi
158 663 300 706 Ionici
331 678 419 705 non
444 662 546 704 sine
586 660 748 704 idonea
788 675 946 703 caussa
976 660 1196 703 admissus
1228 660 1415 703 videtur.

49 718 271 763 Convenit
309 720 424 762 enim
453 719 526 762 ille
555 718 732 775 egregie
762 718 939 774 linguae
969 718 1117 774 legum
1146 717 1271 770 ideo,
1314 719 1419 772 quia

47 777 111 818 ita
148 776 347 833 legentes
393 776 503 833 ipsis
548 774 776 818 vocabulis
826 775 1052 830 antiquius
1105 773 1316 830 quiddam
1367 790 1419 817 ac

47 833 222 891 plenius
263 833 524 876 sonantibus
566 833 762 889 graviter
800 831 1093 874 admonentur
1122 831 1418 874 venerandam

47 897 95 932 et
137 897 368 948 augustam
417 890 743 948 legumlationis
792 890 1081 932 maiestatem.
1153 888 1290 943 Quod
1319 889 1417 944 qui-

47 947 146 990 dem
174 948 239 990 ita
268 963 315 990 se
344 947 506 990 habere
538 947 772 1004 perspicue
807 946 1070 1003 intelligitur
1099 961 1154 988 ex
1185 961 1262 1000 eo,
1296 945 1431 1000 quod·

46 1005 131 1047 hae
170 1005 335 1048 formae
377 1005 425 1047 in
464 1005 518 1047 iis
558 1005 744 1046 maxime
784 1004 983 1060 partibus
1022 1004 1169 1059 operis
1200 1018 1417 1058 usurpan-

47 1068 146 1116 tur,
187 1063 265 1105 uhi
301 1062 425 1119 leges
463 1061 823 1118 promulgantur,
863 1061 949 1103 hoc
980 1068 1071 1114 est,
1116 1060 1219 1102 inde
1248 1075 1276 1102 a
1305 1060 1417 1103 libro

49 1119 226 1174 quint03
256 1119 302 1161 in
331 1119 559 1174 prioribus,
576 1119 698 1161 libris
719 1118 944 1173 aliquanto
963 1118 1104 1160 rarius
1121 1117 1416 1172 inveniuntur,

49 1191 314 1231 quamquam
351 1191 433 1218 nec
476 1177 539 1218 ibi
581 1176 710 1232 plane
755 1175 959 1229 exulant,
1009 1190 1142 1230 quum
1184 1174 1313 1217 Plato
1362 1175 1417 1217 iis

47 1247 132 1275 nec
161 1233 287 1287 alibi,
329 1233 546 1290 imprimis
571 1233 715 1276 sicubi
743 1233 882 1275 oratio
911 1239 979 1274 est
1010 1231 1220 1288 grandior
1250 1238 1295 1274 et
1328 1247 1418 1274 ma-

48 1289 346 1347 gnificentior,
377 1305 564 1345 usquam
589 1290 866 1333 abstinuerit.

165 1347 324 1403 Itaque
363 1347 576 1390 hactenus
622 1346 801 1402 quidem
838 1345 1030 1389 vidimus
1069 1347 1116 1388 in
1145 1360 1231 1388 usu
1265 1346 1418 1388 verbo-

44 1419 145 1447 rum
175 1404 446 1462 singulorum
486 1405 631 1462 Leges
661 1404 862 1446 Platonis
894 1403 1016 1446 nulla
1045 1417 1101 1445 ex
1130 1410 1254 1459 parte
1285 1402 1417 1457 vitio·

45 1475 123 1504 sas
162 1468 240 1503 aut
278 1461 451 1518 ineptas
481 1461 652 1505 censeri
682 1475 838 1517 posse,
882 1460 1308 1517 praesertimquum
1337 1475 1418 1503 nec

48 1518 97 1560 in
132 1518 283 1562 formis
311 1534 470 1572 ,eorum
501 1518 742 1575 quidquam
770 1524 993 1575 repertum
1023 1517 1096 1572 sit,
1130 1517 1250 1572 quod
1280 1518 1413 1560 alium

46 1575 306 1633 scriptorem
346 1576 491 1633 operis
530 1582 686 1633 arguat
730 1590 861 1632 quam
898 1575 1042 1632 ipsum
1089 1574 1417 1631 philosophum,

57 1639 102 1675 et
131 1632 251 1688 quod
279 1633 336 1675 im
371 1634 493 1676 rimis
523 1632 704 1691 dignum
735 1639 805 1676 est
832 1632 1156 1686 observatione,
1188 1647 1242 1675 ne
1275 1648 1418 1689 gram„-

44 1691 208 1732 -matice
248 1690 323 1745 qui
358 1706 425 1732 em
464 1690 707 1746 quidquam
743 1690 951 1733 vitiosum
983 1689 1230 1745 reperiatur
1255 1690 1418 1732 nisiin

45 1747 160 1789 locis
204 1748 448 1790 scribarum
487 1747 692 1790 socordia
731 1747 995 1804 depravatis.
1064 1745 1155 1796 Sed
1192 1753 1420 1803 praeterea

49 1804 358 1846 animadvertit
404 1805 668 1847 Zellerus
718 1805 743 1847 1.
798 1820 836 1847 c.
879 1821 921 1861 p.
964 1805 1018 1846 86
1059 1818 1126 1858 sq.
1169 1813 1213 1846 et
1251 1805 1307 1847 88
1349 1819 1416 1860 sq.

52 1861 181 1903 etiam
219 1861 340 1903 aliud
380 1862 511 1916 quid,
563 1861 684 1917 quod
733 1862 859 1904 facile
911 1861 1041 1903 alicui
1078 1860 1418 1904 dubitationem

51 1917 234 1959 iniiciat.
308 1917 550 1960 Contendit
598 1919 738 1972 euim,
789 1917 976 1961 subinde
1015 1918 1076 1962 in.
1108 1918 1308 1973 Legibus
1348 1918 1419 1961 -ita

51 1975 171 2027 fieri,
214 1982 265 2016 ut
295 1975 469 2017 usitatis
516 1975 743 2017 vocabulis
774 1981 852 2017 aut
882 1975 1012 2031 plane
1043 1989 1186 2016 novae
1217 1981 1263 2016 et
1292 1975 1417 2018 inau-

45 2031 168 2073 ditae
205 2032 555 2088 significationes
595 2031 902 2074 adscribantur
934 2038 1011 2073 aut
1039 2031 1192 2073 saltem
1222 2032 1417 2075 insolens

47 2103 105 2131 ac
144 2103 299 2144 parum
340 2088 522 2131 definita
561 2090 626 2131 vis
657 2088 846 2143 figurate
879 2089 1125 2141 tribuatur,
1157 2103 1269 2143 quae
1299 2102 1418 2132 com-

53 2147 197 2188 munis
226 2145 436 2201 loquendi
467 2145 800 2189 consuetudinis
828 2143 1206 2188 commendatione
1237 2161 1417 2201 prorsus

50 2209 211 2245 careat.
263 2202 413 2257 *Quod
454 2202 629 2258 quidem
669 2203 708 2245 si
737 2218 892 2246 revera
919 2203 982 2244 ita
1011 2209 1145 2256 esset,
1173 2218 1415 2258 sanequam

51 2259 277 2302 fatendum
306 2261 434 2314 foret,
466 2261 727 2303 iustissimas
758 2266 991 2317 suppetere
1023 2275 1217 2314 caussas,
1249 2275 1328 2303 cur
1349 2261 1416 2304 de

46 2331 260 2374 >germana
317 2318 487 2375 Legum
543 2318 712 2374 origine
767 2317 996 2360 Platonica
1045 2316 1285 2361 dubitetur.
1357 2319 1418 2360 At

48 2374 166 2416 enim
214 2389 319 2417 vero
365 2375 471 2418 licet
507 2375 649 2432 primo
690 2373 904 2431 adspectu
952 2371 1254 2430 reperiantur,
1303 2390 1417 2430 quac

49 2431 227 2487 praeter
252 2447 416 2474 morem
446 2433 671 2490 vulgarem
704 2431 823 2474 dicta
851 2432 955 2486 sint,
986 2437 1132 2474 tamen
1163 2432 1294 2475 rebus
1327 2448 1418 2474 om-

45 2487 186 2530 nibus
228 2487 484 2546 diligentius
520 2489 751 2546 perpensis
791 2502 918 2531 nemo
956 2489 1039 2531 erit
1062 2489 1174 2545 quin
1206 2489 1322 2531 ultro
1350 2489 1415 2531 fa-

46 2545 333 2588 teaturhaec
363 2561 541 2602 quoque
562 2547 628 2590 ita
657 2561 754 2589 esse
785 2561 880 2589 com
914 2551 1050 2600 arata,
1081 2552 1147 2598 ut,
1180 2544 1417 2590 dummodo

44 2606 173 2644 ‘tecte
210 2601 374 2645 fuerint
402 2604 642 2661 explicata,
677 2619 766 2646 non
797 2619 867 2646 mo
901 2618 1056 2646 o-cum
1087 2603 1283 2646 universi
1302 2618 1417 2660 jope·

56 2658 113 2699 ris
171 2658 417 2703 rationibus
477 2672 610 2716 atque
660 2661 932 2703 elocutione*
968 2661 1031 2703 eis
1087 2660 1417 2704 accommodata

1122 2727 1212 2768 E*
