1644 2886
232 103 315 146 DE
350 101 626 145 LEGIBUS
663 101 779 143 [AB.
820 100 917 142 VII.
955 100 999 141 P.
1034 101 1128 140 810.
1163 99 1226 142 St.
1351 101 1433 140 335

179 222 286 265 ΚΛ.
363 223 414 264 Τι’
446 218 563 275 μήν’,

178 286 291 348 Cap.
327 284 435 331 XV.
510 288 611 330 ΑΘ,
685 286 746 330 Οὐ
796 289 947 328 τοίνυν
994 283 1162 338 ἀνίημι.
1200 284 1306 337 λέγω
1342 287 1433 339 μέν,

78 355 148 400 ὅτι
185 358 369 408 ποιηταί
405 370 448 397 τε
485 352 589 409 ἡμῖν
628 357 709 396 εἰσί
743 369 858 403 τινες
893 353 1011 395 ἐπῶν
1037 351 1282 406 ἑξαμέτρων
1314 349 1433 406 ποίμ-

78 425 234 467 πολλοι
272 424 342 465 uoci
384 426 623 478 τριμέτρων
660 423 733 463 καὶ
769 419 951 463 πάντων
987 416 1040 470 δὴ
1079 420 1167 460 τῶν
1193 418 1435 472 λεγομένων

75 496 270 546 μέτρων,
316 493 356 531 οἱ
390 490 471 544 μὲν
507 490 577 531 ἐπὶ
614 487 835 540 σπουδήν,
883 491 925 530 οἱ
962 485 1001 529 δ’
1044 488 1113 528 ἐπὶ
1149 483 1313 536 γέλὼτα
1350 483 1435 541 ὠρ-

74 558 283 613 μηκότες,
328 561 374 598 ὲν
419 553 486 605 οἷς
529 558 640 614 φασὶ
691 557 782 598 δεῖν
818 558 859 598 οἱ
897 552 1109 602 πολλάκις
1142 556 1293 607 μυρίοι
1331 552 1435 604 τοὺς

76 624 233 680 ὀρθ-ὧς
277 624 621 677 παιδευομένους
663 623 752 664 τῶν
796 625 904 663 νέων
953 625 1129 679 τρέφειν
1172 624 1245 663 καὶ
1281 622 1433 665 διακο-

74 699 162 747 ρεῒς
199 698 362 739 ποιεῖν,
398 688 674 742 πολυηκόους
713 688 750 731 τ’
794 694 840 731 ὲν
883 695 977 738 ταῖς
1014 686 1290 742 ἀναγνώσεσι
1326 704 1433 731 ποι-

75 850 112 878 Λ.
152 843 189 878 Ω.
222 845 258 876 Ξ.
295 855 325 876 v.
360 845 382 879 f.
415 844 445 878 h.
479 855 506 878 r.
541 856 570 878 a.
608 854 636 875 e.
670 843 762 885 quod
794 843 912 877 Herm.
941 842 1102 875 Schneid.
1128 841 1260 874 Baiter.
1287 851 1429 883 recepe-

72 896 159 924 runt.
210 892 294 924 Dein
322 891 443 924 Aetius
468 892 557 924 coni.
585 891 730 931 ποιηταί
753 902 800 931 γε.

163 959 233 991 καὶ
258 959 330 992 ηιίι
331 973 422 991 -των
451 978 486 983 -
514 963 655 1003 μέτρω
666 958 695 1001 ν]
724 958 823 990 Haec
849 959 967 998 v,erba
994 958 1025 989 in
1054 962 1136 990 vett.
1156 955 1256 989 editt.
1284 957 1427 995 omissa

72 1011 252 1039 servarunt
291 1009 325 1037 x
364 1003 401 1037 Ω.
431 1016 462 1037 v.
490 1005 512 1037 f.
514 973 570 1038 μὴ.
599 1015 624 1037 r.
652 1015 684 1036 a.
711 1015 740 1036 c.
765 1004 794 1036 δ
825 1015 854 1035 ο.
881 1014 913 1037 x.
970 1004 1058 1036 Cum
1097 1006 1181 1035 iett-
1215 1002 1314 1035 editt.
1347 1013 1428 1035 con-

72 1052 188 1094 sentit,
214 1057 251 1084 ut
279 1051 351 1084 sere
376 1053 479 1089 solet,
506 1051 588 1084 Ven.
614 1052 651 1083 Ξ.

163 1120 253 1152 δεῖν
291 1121 332 1152 οἱ
371 1118 598 1162 πολλάκις]
639 1120 696 1152 8ἰο
729 1121 772 1152 A.
813 1126 847 1152 et
879 1129 929 1162 pr.
971 1116 1009 1150 Ω.
1062 1118 1173 1158 Vulgo
1205 1118 1321 1151 δεινοί.
1373 1117 1425 1151 Ex

73 1166 272 1198 coniectura
305 1165 551 1198 emendaverat
586 1168 722 1198 Astius.
772 1167 843 1198 Pro
875 1165 996 1208 μυρίοι
1026 1164 1262 1197 Schneiderus
1293 1162 1425 1206 μύριοι,

72 1222 101 1243 v.
129 1212 326 1245 Grammat.
354 1212 398 1244 nd
427 1215 585 1245 Ammon.
615 1223 646 1255 p.
673 1212 728 1247 96.
759 1211 883 1245 Arcad.
901 1210 1007 1252 p.14‚
1025 1211 1081 1244 21.
1102 1209 1201 1243 phot.
1221 1222 1253 1253 p.
1269 1210 1350 1245 280.
1367 1210 1421 1244 14.

778 1324 879 1364 dest,
907 1327 944 1355 ut
970 1322 1063 1356 Libr.
1095 1322 1191 1359 VIII,
1217 1332 1248 1364 p.
1277 1321 1354 1356 832.
1382 1322 1419 1354 Ι).

776 1370 810 1404 X
849 1381 880 1413 p.
897 1368 975 1404 844.
999 1372 1038 1401 A.
1064 1368 1143 1403 890.
1174 1370 1213 1401 Α.
1243 1367 1335 1401 conf.
1366 1369 1419 1401 ln-

777 1416 843 1449 dic.
870 1414 914 1448 iad
944 1415 1073 1457 Remp.
1099 1425 1126 1447 s.
1155 1425 1185 1447 v.
1213 1426 1266 1446 τε.

71 1331 133 1365 tu3
164 1324 199 1356 ἔκ
233 1328 298 1357 τῶν
330 1322 578 1367 ὑπαρχόντων,·
606 1325 638 1359 l}
663 1319 710 1356 ὦν

69 1369 108 1402 σι)
170 1370 293 1413 λέγεις,
347 1371 582 1403 secundum
639 1382 708 1412 ea,

67 1426 175 1458 qnae
202 1415 335 1457 dicis,
360 1417 404 1449 al.
464 1415 587 1458 Neque
617 1417 707 1451 enim

68 1471 146 1495 cum
182 1463 307 1495 Astio
341 1472 405 1505 pro
445 1466 519 1498 τοῖς
557 1466 709 1504 παροῦσι

68 1506 184 1551 λόγοις
209 1509 339 1541 dictum
361 1511 474 1551 putari
500 1508 619 1548 debet,
645 1508 709 1541 hoc

68 1564 189 1587 sensu=
233 1554 338 1587 viam
378 1554 444 1588 his
484 1556 707 1588 sermoni-

68 1600 148 1632 bus
174 1600 455 1642 patefactum.

112 1645 197 1688 Cap.
224 1646 299 1678 XV.
325 1645 364 1681 E.
391 1647 492 1690 λέγω
516 1648 605 1689 μέν,
632 1644 707 1678 δ’τι

65 1693 256 1732 nonum!
297 1703 340 1724 τε
390 1691 515 1734 ἡμῖν]
568 1692 705 1724 Rursus

64 1738 126 1780 μέν
150 1737 256 1770 habes
282 1747 348 1770 non
366 1740 600 1780 subsequente
626 1749 705 1779 par·

65 1783 169 1816 ticuin
209 1784 265 1822 δέ,
298 1784 419 1817 endem
451 1786 528 1827 iege
554 1784 704 1825 positum

65 1838 135 1870 qun
167 1831 201 1861 in
227 1828 328 1870 οἶμαι
359 1833 438 1871 μέν,
476 1829 602 1872 νομίζω
634 1834 706 1871 μέν,

65 1875 162 1907 δοκεῖ
192 1878 275 1916 μέν,
306 1875 394 1906 δοκῶ
427 1878 505 1916 μέν,
543 1875 706 1915 frequen·

65 1924 170 1952 tatur.
207 1930 240 1952 v.
273 1921 318 1952 ud
351 1920 487 1952 Criton.
518 1931 550 1962 p.
577 1920 633 1954 43.
665 1921 704 1952 D.

64 1965 256 2010 Euthyphr.
289 1977 322 2007 p.
349 1966 384 2000 7.
414 1967 453 1998 Β.
487 1965 645 2007 Sophist.
672 1977 704 2006 p.

64 2011 144 2046 221.
174 2015 213 2046 A.
240 2011 319 2047 231.
347 2011 387 2044 D.
426 2011 560 2044 Phileb.
589 2023 621 2052 p.
647 2011 705 2045 35.

66 2061 104 2091 Λ.
132 2057 242 2099 Legg.
269 2058 311 2090 ΙΙ.
331 2068 363 2099 p.
387 2057 465 2092 656.
494 2058 536 2091 B.
563 2058 631 2090 111.
659 2059 705 2090 in.

64 2105 108 2137 sl.
164 2105 287 2145 Itaque
315 2114 399 2136 cave
429 2102 499 2146 μήν
530 2104 706 2145 corrigen-

65 2149 144 2183 dum
175 2150 373 2190 existimes,
407 2149 501 2192 quod
537 2150 704 2192 scriptum

63 2199 162 2229 extat
185 2196 304 2237 utique
328 2197 361 2228 in
385 2194 488 2229 codd.
516 2205 598 2229 mss.
625 2197 702 2237 piu-

63 2241 170 2274 rimis.
220 2241 305 2275 Nam
330 2239 401 2284 μήν
425 2241 516 2274 istud
543 2241 624 2283 quid
651 2242 704 2274 iiic

64 2287 229 2330 significet
268 2292 330 2320 sut
367 2297 438 2328 quo
477 2288 550 2320 iure
587 2289 700 2320 iocum

66 2342 154 2365 nunc
178 2338 316 2374 teneat,
348 2333 439 2366 hand
470 2343 554 2366 sane
579 2334 700 2366 inteili-

64 2379 166 2419 gitur.
213 2378 285 2413 Nec
310 2381 490 2421 quisquam
518 2382 613 2411 recte
641 2379 701 2411 de-

66 2422 284 2458 sidernverit:
310 2426 391 2467 λέγω
407 2427 466 2468 μιν
491 2420 566 2465 οὖν,
594 2435 700 2466 qnan-

66 2467 250 2510 doquidcm
288 2471 482 2512 asyndeton
521 2472 553 2502 in
592 2481 702 2504 noi-ae

65 2514 113 2547 rei
139 2514 283 2549 exordio
308 2517 352 2550 de
377 2527 474 2550 more
496 2517 700 2549 admittitur.

66 2560 152 2593 Delu
193 2570 255 2602 pro
289 2565 437 2604 ποιηταί
466 2575 501 2595 τε
537 2572 602 2594 non
648 2567 702 2595 est

65 2605 157 2646 qnod
191 2615 268 2639 cum
303 2609 428 2641 Astio
463 2608 698 2651 retingendum

64 2661 269 2684 censeamus
300 2655 443 2696 ποιηταί
472 2665 528 2698 γες
560 2665 636 2687 nam
664 2666 700 2687 τε

66 2696 114 2729 sic
140 2698 310 2740 positum,
337 2704 373 2732 ut
390 2709 473 2733 mox
499 2701 532 2733 δὲ
555 2711 699 2743 respon-

823 1484 890 1517 καὶ
932 1482 1101 1517 πάντων
1140 1481 1188 1524 δὴ
1230 1483 1311 1525 ier.
1349 1487 1417 1527 με’-

776 1531 908 1574 τρων]
956 1536 999 1564 et
1040 1529 1320 1563 carminum
1367 1540 1417 1563 ex

776 1578 916 1611 omnis
969 1576 1188 1619 generis
1245 1576 1418 1619 metris,

776 1634 891 1666 quae
929 1624 1161 1663 feruntur,
1198 1622 1415 1665 composi-

774 1674 928 1702 torum.

821 1737 860 1768 ἐν
893 1738 955 1774 οἷς
986 1736 1092 1778 φασὶ
1124 1737 1215 1770 δεῖν
1250 1737 1294 1768 οἱ
1318 1736 1415 1767 πολ-

775 1782 898 1820 λάκις
935 1783 1118 1825 μυρίοι]
1161 1782 1277 1815 Prave
1309 1783 1415 1824 vulgo

774 1828 860 1870 φασὶ
900 1828 1006 1860 δεινοὶ
1042 1826 1208 1864 πολλάκις
1247 1841 1277 1860 ιι.
1318 1841 1351 1860 τ.
1385 1828 1414 1860 λ.

773 1875 868 1916 quod
901 1878 1096 1907 correctum
1130 1884 1172 1906 ex
1205 1873 1310 1907 codd.
1343 1878 1414 1907 est:

774 1921 814 1952 in
853 1920 1013 1962 quibus
1060 1920 1277 1952 innumeri
1316 1920 1415 1952 fere

776 1970 956 1999 censent
1005 1975 1082 1998 eos
1121 1966 1322 1998 iuvenum
1366 1975 1416 1997 sc

776 2014 1037 2053 puerorum‚'
1082 2013 1156 2053 qui
1195 2017 1315 2044 recte
1354 2011 1414 2043 in—

775 2058 1037 2098 stituantur,
1068 2062 1271 2099 tanquam
1297 2058 1415 2089 innn—

775 2104 883 2136 triri
916 2107 957 2136 et
989 2103 1153 2136 satiari
1187 2107 1413 2146 oportere.

775 2149 977 2183 Proximum
1019 2152 1211 2187 ποιοῦντας
1242 2159 1285 2183 ex
1320 2161 1417 2185 τινας

773 2196 922 2238 pendet,
953 2195 1045 2237 quod
1071 2196 1163 2228 inest
1190 2197 1223 2226 in
1249 2195 1414 2228 infinitivo

772 2242 1002 2285 praecedente
1028 2244 1153 2273 ποιεῖν.
1191 2241 1354 2275 Ceterum
1372 2240 1416 2274 de

774 2289 888 2330 poetis
913 2293 948 2319 et
974 2287 1213 2330 scriptoribus,
1238 2287 1271 2320 in
1291 2288 1416 2328 quibus

774 2333 930 2377 legendis
961 2334 1121 2370 inventus
1151 2333 1242 2376 apud
1268 2332 1414 2366 Atheni·

773 2389 874 2413 enses
914 2380 1132 2421 potissimum
1174 2379 1413 2418 exercebatur,

774 2427 866 2458 lectu
898 2426 1000 2467 digna
1032 2430 1112 2458 suut
1143 2435 1232 2466 quae
1257 2424 1416 2466 disputaf

771 2471 819 2503 vit
855 2471 1091 2503 Crumerus
1130 2470 1266 2503 Histor.
1312 2470 1412 2503 insti·

771 2522 850 2549 tutt-
884 2522 919 2550 et
952 2517 1072 2549 Doctr.
1108 2517 1190 2551 Vol.
1224 2516 1248 2548 1.
1283 2527 1315 2558 p.
1343 2515 1412 2551 282

769 2573 844 2604 sqq.
901 2562 1101 2596 Universum
1133 2562 1410 2596 adoiescentinm

770 2607 1035 2641 erudiendorum
1070 2609 1261 2650 rationem,
1299 2609 1410 2650 qualis

771 2654 927 2687 Platonis
957 2658 1076 2687 aetate
1108 2655 1268 2697 vigebat,
1301 2654 1407 2688 ratio-

769 2710 845 2733 nem
873 2699 1016 2742 copiose
1042 2699 1206 2733 describit
1232 2700 1406 2744 Protago-
