1644 2886
220 91 304 135 DE
337 90 615 136 LEGIBUS
645 90 766 134 LIB.
798 89 877 141 VI.
910 90 957 132 P.
991 90 1084 132 781.
1117 88 1181 133 St.
1332 91 1408 132 2⁶21

64 211 155 267 ὅσῳ
192 214 236 255 δὲ
272 210 299 263 ἡ
337 210 502 261 θήλεια
542 208 646 264 ἡμῖν
683 208 817 269 φύσις
852 210 943 252 ἐστὶ
979 205 1091 264 πρὸς
1127 204 1294 264 ἀρετὴν
1325 212 1412 264 χεί-

63 296 151 336 ρων
199 281 278 330 τῆς
320 280 408 320 τῶν
454 275 676 334 ἀρῤὲνων,
724 277 926 330 τοσούτῳ
973 277 1171 334 διαφέρει
1213 272 1325 331 πρὸς
1359 273 1409 318 τὸ

64 349 196 390 πλέον
230 343 254 398 ἢ
294 344 525 388 διπλάσιον
559 344 684 388 εἶναι.
719 344 841 389 τοῦτ’
884 336 966 387 οὖν
1001 344 1300 398 ἐπαναλαβεῖν
1336 346 1411 386 καὶ

63 411 488 469 ἐπανορθώσασθαι
530 415 602 456 καὶ
636 411 786 456 πάντα
824 410 1141 462 συντάξασθαι
1174 413 1299 471 κοινῇ
1335 427 1411 465 yv-

64 481 179 534 ναιξί
220 497 265 524 τε
314 482 387 522 καὶ
435 478 654 536 ἀνδράσιν
697 478 1020 534 ἐπιτηδεύματα
1073 480 1245 534 βέλτιον
1299 476 1411 536 πρὸς

64 547 229 598 πόλεως
255 547 557 601 εὐδαιμονίαν.
595 550 675 591 νῦν
713 551 756 592 δὲ
794 547 934 597 οὕτως
954 539 1084 598 ἦκται
1118 544 1168 589 τὸ
1207 547 1294 588 τῶν
1329 546 1412 590 άν-

62 615 263 671 θραὶπων
298 622 424 670 γένος
461 613 667 670 οὐδαμῶς
701 621 760 666 εἰς
783 617 917 660 τοῦτο
942 612 1144 669 εὐτυχῶς,
1180 611 1287 664 &gre
1306 613 1409 658 οὐδὲ

60 685 326 738 μνησθῆναι
361 685 457 737 περὶ
493 681 633 726 αὐτοῦ
669 688 715 726 ὲν
751 683 903 732 ἄλλοις
937 679 977 736 γ’
1020 682 1110 723 ἐστὶ
1146 679 1302 732 τόποις
1336 685 1410 726 καὶ

62 750 213 793 πόλεσι
259 751 369 792 νοῦν
414 753 615 805 ἔχοντος,
660 748 776 794 ὅπου
824 752 933 806 μηδὲ
977 748 1175 801 ξυσσίτια
1219 746 1407 807 ὑπάρχει

61 815 110 862 τὸ
149 815 366 875 παράπαν
404 819 641 873 δεδογμένα
683 815 795 861 κατὰ
834 818 966 861 πόλιν
1003 815 1128 860 εἶναι.
1163 814 1316 860 πόθεν
1351 816 1406 871 δή

148 970 254 1014 ὑμῖν
280 970 508 1017 παρέρῤει]
542 972 602 1006 Sic
628 975 667 1006 A.
695 977 730 1006 et
756 983 824 1006 rec.
851 973 900 1005 Ω.
925 972 1078 1014 itemque
1103 967 1147 1002 δ’.
1173 976 1208 1004 et
1235 981 1344 1016 marg.
1373 984 1404 1008 a.

61 1018 175 1060 Vulgo
200 1018 378 1062 παραῤῥεῖ.

106 1131 148 1162 Β.
198 1130 241 1162 τὰ
268 1130 367 1174 περὶ
392 1143 423 1162 τ.
448 1143 480 1173 y.
510 1128 698 1174 ἀκοσμή-

60 1189 140 1213 τως
180 1175 526 1219 περιορώμενον]
581 1177 696 1218 quod

61 1224 97 1254 in
139 1223 399 1255 mulieribus
443 1224 698 1265 negligitur

61 1270 139 1308 ita,
195 1272 242 1301 ut
303 1278 384 1300 non
445 1269 696 1302 ordinetur.

62 1315 294 1356 Praepostere
343 1315 500 1347 Aetius
548 1316 699 1349 correxit

59 1358 271 1402 ὖιιόσμητον.
307 1360 513 1393 Adverbium
531 1371 597 1393 non
624 1373 697 1395 mo-

60 1407 104 1439 do
130 1406 232 1440 codd.
253 1407 455 1439 confirmant
472 1418 606 1447 omnes,
634 1408 696 1441 sed

59 1456 175 1485 tuetur
201 1453 300 1485 etiam
328 1453 484 1485 Gramm.
511 1455 542 1486 in
557 1455 694 1487 Anecd.

62 1499 210 1532 Bekker.
237 1499 262 1531 l.
289 1509 323 1540 p.
340 1499 419 1534 369.
446 1501 503 1541 qni
529 1500 696 1543 interpre-

59 1550 154 1578 tatur
171 1555 233 1586 per
250 1543 418 1582 ἀτάκτως.
463 1545 514 1578 Ad
540 1546 697 1588 τοσούτῳ

58 1590 212 1633 διαφέρει
235 1592 296 1623 int.
322 1589 424 1624 αὐτό.

103 1635 219 1669 τοῦτ’
271 1631 347 1668 οιῖν
398 1637 693 1680 ἐπαναλαβεῖν

56 1685 124 1722 —l
154 1682 246 1715 Hoc
272 1683 408 1724 igitur
440 1688 692 1717 retractare

58 1732 101 1760 et
160 1729 395 1770 corrigere
457 1731 691 1773 omniaque

57 1773 200 1807 studia
238 1776 498 1808 mulieribus
524 1779 691 1818 pariter

55 1824 188 1862 atque
238 1821 347 1853 viris
403 1824 692 1856 communiter

55 1867 332 1899 constituere
387 1868 438 1900 ad
487 1869 690 1902 civitatis

55 1912 327 1945 felicitatem
353 1914 569 1947 conducit.
607 1914 693 1947 For-

56 1959 199 1991 mulnm:
225 1957 368 2000 ἄμεινόν
392 1960 484 1992 ἐστιν
505 1964 540 1993 et
555 1960 693 2001 βέλτιόν

55 2003 148 2036 ἔστιν
195 2004 238 2036 ad
288 2004 421 2038 Criton.
470 2015 502 2047 p.
539 2007 596 2041 54.
652 2007 690 2039 Β.

40 2048 184 2083 Phaed.
220 2061 252 2092 p.
287 2051 341 2086 72.
370 2051 410 2083 D.
447 2056 481 2084 et
508 2062 541 2094 p.
566 2053 622 2087 98.
649 2053 688 2085 Ε.

52 2095 307 2129 illustravimus.
356 2097 519 2131 Ceterum
539 2098 583 2131 de
607 2108 689 2132 con·

53 2142 129 2174 silio
161 2142 335 2183 Platonis,
369 2154 440 2186 quo
472 2146 635 2178 mulieres
670 2156 690 2178 a

54 2187 246 2228 deteriore,
271 2199 337 2230 qun
362 2191 565 2231 utebantur,
598 2191 689 2224 vitae

54 2234 253 2267 conditione
277 2236 465 2277 aliquando
483 2237 630 2270 liberare
656 2241 692 2271 et

54 2290 96 2312 ex
126 2281 188 2313 otii
222 2282 343 2324 privati
380 2283 532 2315 tenebris
563 2284 594 2315 in
619 2284 686 2316 rei-

54 2326 211 2367 publicae
242 2329 352 2373 lucem
391 2329 576 2362 traducere
615 2335 687 2362 stu-

54 2372 148 2412 duit,
213 2375 391 2415 praeclare
454 2381 688 2417 exposuerunt

57 2415 436 2460 Morgennternius
498 2422 684 2455 Commen-

56 2465 132 2494 tntt.
172 2464 221 2497 De
262 2466 416 2499 Platonis
456 2467 607 2510 Republ.
650 2479 683 2511 p.

54 2507 122 2543 219
138 2518 212 2550 sqq.
229 2515 263 2554 et
283 2511 339 2545 De
364 2513 396 2546 G
411 2515 557 2546 eerius
577 2515 682 2548 Diatr.

54 2554 88 2585 in
116 2554 281 2589 Politice⁸
298 2557 432 2592 Platon.
459 2561 625 2605 principia
651 2573 682 2604 p.

54 2600 120 2635 179
152 2610 226 2642 sqq.
279 2602 363 2636 Cum
398 2604 461 2638 hoc
491 2607 568 2639 loco
600 2618 681 2640 cons

54 2645 175 2679 tendas
200 2646 303 2681 etiam
326 2648 433 2694 Legg.
453 2651 526 2686 Vll.
552 2665 585 2697 p.
602 2654 682 2690 802.

57 2689 100 2723 E.
139 2691 218 2727 804.
259 2692 288 2726 E
319 2703 396 2738 sqq.
434 2696 512 2733 806.
556 2701 600 2735 A.
641 2700 679 2734 C.

766 1130 867 1174 Reip.
894 1132 936 1163 V.
964 1143 996 1174 p.
1024 1131 1086 1166 45¹
1118 1140 1193 1173 sqq.
1235 1131 1403 1166 Addimus

766 1178 821 1209 illa
848 1179 1041 1210 Aristot.
1080 1177 1157 1210 Pol.
1183 1177 1226 1212 ll.
1254 1188 1284 1211 c.
1309 1179 1343 1214 9.
1370 1190 1403 1223 ρ.

765 1223 844 1258 438.
866 1225 913 1259 B:
940 1225 973 1255 ἐν
988 1222 1085 1261 ὅσαις
1102 1224 1297 1261 πολιτείαις
1312 1237 1404 1267 φαυ-

765 1270 830 1307 λως
857 1271 926 1312 ἔχει
957 1270 998 1303 τὸ
1035 1269 1112 1313 περὶ
1137 1267 1200 1307 τὰς
1223 1275 1402 1313 γυναῖκας,

764 1315 807 1360 τὸι
841 1315 949 1360 ἥμισυ
981 1319 1044 1357 τῆς
1069 1314 1201 1353 πόλεως
1232 1312 1322 1349 εἶναι
1353 1317 1406 1351 δεῖ

761 1362 911 1405 νομίζειν
939 1362 1213 1405 ἀνομοθέτητον.
1247 1367 1283 1395 et
1307 1363 1402 1398 Rbe-

764 1413 830 1444 tor.
865 1409 891 1442 l.
921 1409 954 1444 5.
991 1420 1023 1452 p.
1055 1409 1111 1444 67.
1146 1408 1200 1445 ed.
1236 1409 1311 1452 Bip.
1348 1412 1405 1444 ubi

764 1456 1016 1498 propemodum
1059 1455 1181 1488 eadem
1221 1456 1403 1491 habentur.

764 1501 930 1536 Ceterum
970 1501 1099 1544 legisse
1129 1502 1262 1535 iuvabit
1301 1503 1404 1536 Bek-

762 1548 907 1581 kerum
940 1548 1083 1581 Charicl.
1113 1547 1188 1581 Vol.
1214 1548 1256 1581 11.
1274 1560 1308 1592 p.
1321 1549 1401 1586 419.

807 1620 883 1649 νῦν
918 1617 957 1651 δὲ
1000 1614 1138 1654 offra-'c
1171 1612 1304 1658 ἧκται
1333 1619 1402 1663 -]

759 1673 865 1696 nnnc
898 1674 1005 1697 vero
1038 1664 1112 1698 hae
1137 1673 1275 1698 rerum
1302 1676 1400 1699 con-

760 1710 962 1750 dicione,
1013 1722 1040 1743 s.
1081 1711 1122 1743 in
1170 1713 1398 1752 praesenti

758 1767 900 1790 rerum
948 1761 1077 1791 statu.
1145 1756 1235 1790 Dein
1275 1759 1397 1801 iungas

759 1800 844 1840 ὥςτε
879 1807 962 1834 νοῦν
992 1802 1133 1845 ἔχοντός
1167 1803 1292 1846 (ἐστιν)
1316 1801 1398 1839 ου’δὲ

756 1851 959 1891 μνησθῆναι
986 1850 1066 1894 περὶ
1099 1847 1215 1881 αὐτοῦ
1245 1862 1276 1882 κ.
1307 1864 1340 1883 τ.
1365 1851 1396 1887 λ..

760 1898 804 1926 ut
835 1895 1076 1937 prudentis
1114 1895 1172 1927 sit
1202 1906 1254 1928 ne
1283 1907 1396 1930 men-

760 1941 918 1974 tionem
946 1942 1117 1983 quidem
1143 1942 1203 1974 rei
1230 1942 1394 1976 facere.

806 2012 844 2044 C.
900 2011 1043 2044 πόθεν
1079 2008 1130 2052 δή
1163 2022 1232 2048 τις
1272 2023 1315 2054 γε
1350 2031 1393 2037 -

757 2057 1082 2101 θεωρεῖσθαις]
1130 2057 1393 2092 Quomodo

759 2103 894 2146 igitur
918 2105 1075 2146 aliquis
1100 2114 1179 2136 non
1204 2104 1394 2139 ridicule

757 2151 845 2191 (sine
878 2150 1047 2185 hominum
1088 2151 1175 2191 risu)
1215 2151 1394 2185 conabi—

756 2201 827 2229 tur
875 2197 1086 2231 mulieres
1135 2207 1294 2240 cogere
1342 2197 1394 2231 ad

757 2243 953 2277 ciborum
986 2249 1028 2276 et
1061 2248 1267 2286 potorum
1296 2254 1391 2277 con-

756 2291 1044 2329 sumfionem,
1096 2290 1157 2322 ita
1204 2290 1391 2332 quidem,

755 2339 798 2367 ut
848 2347 892 2369 ea
930 2336 1163 2369 manifesta
1202 2338 1257 2369 eit
1296 2347 1389 2379 pos-

754 2382 898 2423 sitque
958 2383 1137 2425 publice
1184 2383 1388 2426 spectari

754 2427 802 2458 ab
830 2427 1050 2462 omnibus?
1077 2426 1268 2469 ὓεπόθιν,
1294 2429 1388 2471 quod

754 2474 860 2514 pollet
892 2476 923 2507 vi
958 2475 1124 2515 negandi,
1163 2485 1194 2507 v,
1234 2485 1313 2508 ann.
1343 2476 1387 2508 ad

754 2518 873 2560 Symp.
906 2532 938 2562 p.
964 2522 1043 2557 172,
1068 2521 1107 2553 C.
1159 2521 1278 2554 Verba
1311 2532 1386 2563 φα-

751 2565 876 2609 νερὰν
901 2569 1182 2612 θεωρεῖσθαι
1214 2568 1386 2610 interpre-

752 2615 876 2645 tamur:
898 2611 981 2649 ὥςτε
1006 2611 1158 2657 φανερὰν
1180 2612 1269 2645 εἶναι
1290 2615 1385 2647 θευ-

751 2661 911 2700 ρεῒσθαι,
941 2664 984 2692 ut
1020 2659 1071 2693 ad
1097 2659 1382 2701 spectandum

751 2704 811 2737 sit
842 2709 991 2748 aperta
1030 2710 1162 2748 atque
1202 2706 1242 2739 in
1281 2716 1382 2750 pro-
