1644 2886
469 121 553 162 DE
586 119 866 163 LEGIBUS
902 128 983 162 etc.
1210 119 1393 163 XCVu

28 238 92 279 sic
124 234 582 293 posteritati'gratum
604 242 922 291 acceptumque
955 236 1068 286 fore3
1100 234 1146 277 in
1177 250 1264 291 quo
1296 250 1394 279 eum

28 293 230 351 profecto
262 306 542 347 nequaquam
573 293 733 335 fefellit
760 293 1044 349 exspectatio.

7 394 11 395 ⁷
145 352 299 407 Atque
319 348 428 393 haec
448 348 626 405 quidem
656 350 711 392 de
741 349 909 393 caussis
930 350 1136 392 vitiorum
1165 349 1393 404 orationis,

30 422 144 464 quae
189 407 235 449 in
274 407 450 463 Legum
490 422 623 463 opere
667 407 848 451 haerere
889 406 1008 449 ultro
1061 405 1394 450 concedendum

30 479 126 508 esse
155 464 432 506 arbitramur.
492 462 619 517 Quae
650 464 689 507 si
719 463 1006 520 probabiliter
1023 462 1250 519 disputata
1272 472 1394 518 sunt,

28 522 190 564 clarius
229 536 335 564 sane
366 521 618 578 apparebit,
649 520 828 577 opinor,
864 535 920 562 ne
949 519 1185 563 dictionem
1217 520 1394 577 quidem

28 580 75 622 in
114 578 314 635 Legibus
343 584 597 676 usui-(putam
627 578 758 620 talem
799 591 920 631 esse,
961 576 1078 619 unde
1117 589 1392 634 argumenta,

29 650 142 692 quae
171 635 228 677 ad
258 641 438 677 everten
472 650 540 676 am
570 635 715 691 operis
744 633 874 676 fidem
905 639 950 675 et
979 634 1288 677 auctoritatem
1318 650 1394 678 va-

29 693 172 746 leant,
215 692 307 734 ullo
345 697 475 748 pacto
514 692 655 747 repeti
694 691 879 748 possint.
941 690 1056 734 Nam
1105 707 1240 746 quum
1269 692 1393 747 vitia,

30 750 190 805 quibus
228 748 337 790 illud
373 748 574 790 laborare
616 747 816 802 videtur,
855 747 1030 790 facilem
1079 747 1274 790 habeant
1322 749 1391 791 vel

29 807 367 864 explicationem
386 805 456 847 vel
477 805 820 860 excusationem,
852 810 944 846 tum
977 806 1107 847 etiam
1138 820 1218 861 per
1247 807 1393 848 omnia

28 863 331 920 explendescit
370 863 537 961 ingenii
575 861 791 906 Platonici
823 861 986 915 virtus,
1028 861 1390 917 quandoquidem

28 920 187 963 oratio
209 935 298 964 non
338 935 409 963 mo
443 934 470 961 o
512 919 666 962 Attica
696 924 786 973 est,
827 918 904 961 sed
936 919 1069 960 etiam
1098 919 1228 975 signa
1257 920 1392 967 refert

29 984 78 1020 et
109 983 368 1034 argumenta
407 976 514 1019 artis
564 983 610 1019 et
656 976 900 1034 elegantiae
950 975 1210 1019 Platonicae
1258 976 1391 1034 longe

28 1033 370 1077 evidentissima.

136 1091 232 1133 Iam
262 1106 367 1134 vero
396 1090 466 1133 his
494 1089 557 1133 ita
586 1090 800 1147 expositis
839 1089 1051 1132 continuo
1081 1090 1211 1134 nobis
1236 1091 1391 1134 liceret

28 1148 85 1190 ad
123 1148 255 1190 finem
295 1146 606 1204 disputationis
679 1147 911 1200 rocedeoe,
953 1146 1038 1188 nisi
1079 1162 1194 1191 unus
1242 1147 1390 1192 adhuc

27 1205 151 1248 locus
193 1211 323 1247 antea
358 1204 640 1261 pervestigari
674 1220 726 1248 us
756 1210 1020 1260 superesset.
1079 1203 1246 1247 Censet
1273 1205 1388 1248 enim

28 1261 291 1305 Zellerus
322 1267 471 1304 extare
502 1261 548 1303 in
579 1261 751 1319 Legum
783 1276 914 1317 opere
944 1260 1082 1303 multa
1110 1275 1250 1318 eaque
1280 1263 1389 1306 satis

27 1319 259 1361 manifesta
293 1318 461 1362 servilis
492 1317 752 1362 imitationis
782 1317 994 1374 vestigia,
1026 1317 1387 1374 quandoquidem

26 1391 115 1419 non
151 1390 294 1433 pauca
329 1390 384 1418 ex
425 1375 524 1418 aliis
562 1375 764 1419 Platonis
801 1374 978 1432 scriptis
1006 1380 1084 1417 aut
1113 1374 1290 1419 sinistre
1319 1392 1387 1419 re·

26 1433 167 1488 petita
203 1438 280 1475 aut
321 1447 458 1489 prava
497 1432 755 1481 imitatione,
779 1445 987 1489 expressa
1025 1431 1127 1476 siut.
1196 1432 1267 1475 De
1298 1449 1388 1489 qua

24 1505 72 1532 re
108 1489 181 1532 ille
221 1490 442 1547 copiosius
482 1489 683 1545 disputat
720 1490 766 1532 in
805 1488 935 1534 Stud.
978 1487 1182 1533 Platonn.
1213 1506 1256 1547 p.
1291 1492 1384 1533 100.

25 1560 125 1602 sqq.
197 1545 419 1600 Quocirca
459 1545 513 1590 de
551 1546 635 1590 hac
679 1561 856 1602 quoque
894 1561 940 1588 re
978 1545 1106 1588 nobis
1154 1545 1386 1604 disputan—

25 1602 130 1646 dum
157 1610 378 1661 putamus,
409 1618 466 1647 ue
512 1602 620 1660 quid
666 1610 830 1646 temere
882 1603 1239 1660 praetermissum
1289 1619 1385 1648 esse

26 1659 220 1716 dicatur,
260 1662 380 1717 quod
417 1660 474 1704 ad
511 1660 829 1704 aestimandam
864 1659 1237 1716 iudicandamque
1281 1661 1384 1704 Pla-

24 1717 161 1761 tonici
196 1719 358 1774 {operis
402 1718 710 1761 auctoritatem
749 1717 919 1774 aliquid
961 1717 1110 1760 faciat.
1171 1718 1384 1762 Versabi-

24 1790 122 1818 mur
161 1781 307 1818 autem
338 1775 421 1819 hac
456 1776 502 1818 in
533 1790 580 1818 re
608 1774 843 1818 tractanda
872 1775 951 1829 sic,
983 1780 1034 1817 ut
1063 1773 1282 1830 quidquid
1309 1776 1384 1819 ille

24 1831 138 1875 hanc
174 1833 222 1875 in
259 1847 352 1875 rem
380 1832 589 1890 protulit,
628 1831 676 1875 id
712 1833 726 1874 i
762 1847 857 1875 sum
888 1846 1066 1888 quoque
1094 1831 1286 1876 fideliter
1314 1848 1384 1875 re-

23 1888 228 1933 feramus.
296 1889 506 1932 Fatemur
543 1889 659 1932 enim
706 1889 736 1931 li
770 1904 866 1943 ere,
916 1889 1044 1931 nobis
1080 1888 1189 1945 ipsis
1238 1892 1382 1932 neuti-

23 1963 155 2005 quam
173 1947 411 2004 contigisse
433 1960 529 1990 esse
556 1953 647 1989 tam
674 1946 892 1996 felicibus,
923 1951 974 1988 ut
998 1943 1098 1987 talis
1127 1945 1383 1989 imitationis

22 2005 207 2063 vestigia
235 2013 386 2047 nostra
416 2004 609 2059 ipsorum
640 2016 770 2058 opera
800 2001 1010 2058 indagare
1036 2001 1201 2044 liceret.

540 2358 670 2436 cap.
724 2358 836 2419 xx.

22 2479 347 2524 mannitur,
389 2491 499 2516 uum
539 2492 640 2527 qun
670 2480 890 2530 vestigia
921 2479 1217 2517 imitationis
1251 2478 1376 2514 auo-

72 2547 180 2574 rum
203 2545 407 2584 operum
431 2538 798 2577 Platonicorum
823 2538 872 2573 lu
897 2537 1112 2584 bognum
1138 2536 1324 2572 extent.

149 2627 315 2672 Facere
331 2637 475 2676 autem
493 2631 565 2674 hic
593 2645 681 2674 non
701 2643 949 2685 possumus,
972 2630 1078 2686 quin
1109 2634 1210 2671 ante
1234 2628 1380 2672 omnia

23 2683 297 2742 deploremus
324 2687 523 2731 miseram
554 2686 752 2731 Platonis
781 2687 998 2730 fortunam
1011 2719 1024 2740 ‚
1057 2685 1149 2742 qui,
1181 2699 1375 2741 quocun-

1058 2753 1101 2795 G
