1644 2886
497 104 578 146 DE
611 103 892 147 LEGIBUS
926 110 1009 145 etc.
1163 103 1423 147 LXXXIII

3 254 6 267 .
42 219 136 274 *XL
212 253 221 263 .
262 221 358 262 853.
400 216 451 260 C.
491 217 754 273 ἀνθρώπων
802 222 1053 272 antipam-a:
1096 216 1216 259 Libr.
1262 218 1342 260 VI.
1383 235 1423 274 p.

0 302 2 306 >
48 279 153 319 -769,
179 235 244 320 ll}
275 275 525 333 ζωγράφων
554 278 724 326 παῖδες.
784 276 850 317 At
880 274 993 317 enim
1022 290 1127 318 vero
1161 275 1236 329 qui
1271 274 1422 317 Plato·

53 334 121 376 nis
160 340 378 376 noverunt
418 333 642 389 ingenium
687 339 732 374 et
762 332 990 384 rationem,
1021 332 1050 373 ii
1081 338 1198 374 certe
1231 332 1423 389 largien-

54 398 127 435 tur
157 390 382 443 continuo,
417 390 522 431 talia
552 390 683 432 etiam
717 388 832 445 apud
865 389 1008 445 ipsum
1036 388 1219 444 reperiri
1247 389 1293 430 in
1325 390 1421 431 aliis

51 447 263 505 dialogis,
310 446 537 500 Phaedro,
582 446 793 499 Philebo,
838 444 1031 488 Timaeo.
1103 445 1252 499 Quare
1294 461 1422 489 nemo

51 510 170 546 certe
220 504 449 546 mirabitur
498 501 710 546 eiusmodi
761 501 968 544 dictionis
1019 502 1221 558 exempla
1273 511 1423 546 extare

48 561 183 604 etiam
209 562 255 603 in
288 561 499 617 Legibus,
531 560 614 602 hoe
645 566 711 601 est
740 559 784 601 in
814 573 865 601 eo
897 574 1044 614 opere,
1075 560 1121 601 in
1153 575 1240 615 quo
1274 560 1417 615 philo-

51 618 234 674 sophus,
266 618 396 660 sicuti
426 623 556 659 antea
585 616 791 669 vidimus,
825 617 1064 658 orationem
1088 632 1221 672 saepe
1253 617 1422 660 effinxit

51 674 331 733 grandiorem
360 681 405 716 et
434 673 872 730 magnificentiorem,
905 688 1018 727 quae
1050 688 1076 715 a
1105 674 1300 729 vulgaris
1331 690 1422 717 ser-

52 732 192 774 monis
233 730 548 774 consuetudiue
593 731 864 786 aliquantum
896 729 1144 783 recederet,
1178 730 1312 785 idque
1344 731 1421 773 de-

50 789 234 831 liberato
264 788 448 831 consilio
478 789 541 829 ita
560 787 762 830 instituit.
823 787 1016 830 Accedit
1044 787 1146 840 huc,
1180 788 1300 842 quod
1331 804 1419 830 non

48 860 195 903 pauca
230 845 420 899 illorum,
461 859 574 900 quae
603 850 842 887 memorata
872 851 1003 898 sunt,
1054 844 1198 900 poetis
1242 845 1418 899 quidem

51 909 169 944 certe
199 903 306 944 satis
337 904 513 944 fuerunt
571 902 758 955 usitata,
792 907 841 944 ut
869 917 949 944 nec
981 916 1006 942 a
1034 902 1288 943 sublimiore
1320 918 1420 957 pro-

48 974 123 1003 sae
164 960 374 1002 orationis
404 959 597 1001 dictione
626 959 836 1001 alieniora
873 958 1108 1001 iudicanda
1144 958 1255 1013 sint.¹
1306 959 1422 1002 Nam

50 1016 226 1059 nomina
267 1017 444 1071 quidem
486 1017 530 1058 in
568 1034 630 1072 μα
671 1017 926 1070 terminata,
968 1016 1116 1070 qualia
1143 1023 1248 1058 sunt
1279 1020 1420 1070 θρέμ-

44 1090 170 1127 ματα
200 1079 244 1115 et
275 1080 531 1128 σπέρματα,
579 1089 709 1128 quain
750 1088 883 1129 saepe
923 1081 1136 1129 usurpata
1165 1075 1278 1127 sint,
1318 1082 1421 1129 post

49 1146 118 1183 ea,
152 1145 264 1185 quae
294 1130 378 1172 iam
406 1136 536 1172 antea
569 1130 621 1172 de
653 1131 708 1172 iis
727 1130 1023 1186 exposuimus,
1058 1138 1174 1173 certe
1206 1130 1291 1173 hoc
1322 1131 1420 1174 loco

49 1189 210 1230 iterum
250 1186 409 1229 docere
448 1187 622 1229 minime
678 1203 789 1243 opus
840 1194 918 1229 est.
995 1186 1122 1229 Istud
1172 1188 1421 1244 ζωγράφων

49 1248 206 1294 παῖδες
244 1251 389 1286 autem
429 1259 559 1299 quam
601 1244 733 1286 fuerit
757 1245 1088 1300 pervulgatum,
1133 1259 1260 1286 nemo
1291 1243 1419 1287 dubi-

49 1301 177 1355 tabit,
209 1301 284 1355 qui
316 1301 472 1358 legerit
501 1301 571 1343 vel
601 1317 667 1355 ea,
702 1316 813 1355 quae
840 1300 898 1348 ,de
929 1301 1059 1343 huius
1091 1301 1307 1343 formulae
1336 1317 1418 1344 usu

51 1358 108 1400 ad
140 1357 307 1400 Phileb.
339 1374 381 1414 p.
413 1359 484 1401 36,
516 1358 573 1401 D.
607 1358 659 1401 E.
692 1359 971 1400 commentati
1003 1373 1167 1401 sumus.
1229 1358 1289 1400 Et
1320 1359 1418 1414 quis

50 1429 215 1470 quaeso
245 1414 491 1468 dubitabit,
535 1415 640 1470 quin
673 1415 805 1456 etiam
839 1416 961 1471 δῶρα
993 1417 1195 1466 Μουσῶν
1224 1422 1268 1457 et
1297 1417 1419 1470 δῶρα

46 1472 286 1527 Anum-965·
333 1472 497 1514 crebris
547 1472 819 1514 sermonibus
871 1480 1084 1528 usurpata
1133 1471 1247 1526 sint,
1286 1473 1417 1516 sicuti

51 1529 180 1570 etiam
219 1528 337 1584 apud
374 1543 454 1571 nos
494 1528 547 1570 fit
577 1528 842 1571 dictionibus
873 1528 1107 1583 eiusmodi,
1138 1544 1250 1584 quae
1283 1545 1417 1585 quum

50 1601 129 1642 per
167 1600 213 1628 se
244 1586 463 1642 poeticum
494 1586 683 1628 colorem
715 1586 927 1640 referant,
971 1592 1133 1640 tamen,
1150 1586 1266 1628 vitae
1298 1602 1416 1630 com·

50 1643 192 1685 munis
222 1657 291 1684 res
322 1643 548 1700 attingunt
577 1643 779 1685 omnibus
809 1643 854 1685 in
879 1643 1025 1686 medio
1055 1643 1258 1700 positas?
1319 1645 1418 1687 Nec

46 1714 154 1741 vero
195 1699 282 1742 ista
322 1700 469 1742 omnia
510 1715 588 1756 per
628 1715 674 1743 se
725 1706 927 1755 spectata
968 1700 1131 1743 habent
1175 1701 1416 1757 quidquam

49 1756 188 1812 inepti
222 1763 298 1798 aut
335 1756 524 1811 inficeti,
568 1757 823 1811 praesertim
861 1772 996 1812 quum
1040 1773 1122 1800 nec
1161 1759 1306 1801 alieno
1346 1760 1416 1802 vel

47 1812 301 1869 importuno
343 1813 442 1855 loco
474 1814 619 1868 posita
647 1829 742 1857 esse
774 1815 1069 1870 reperiantur,
1113 1830 1166 1858 ne
1201 1831 1256 1858 ue
1286 1816 1417 1858 aliam

47 1869 107 1912 ob
149 1884 346 1912 caussam
369 1869 600 1912 videantur
631 1886 727 1914 esse
758 1870 972 1925 adhibita,
1005 1887 1136 1927 quam
1199 1888 1221 1914 e
1254 1888 1342 1928 qua
1372 1874 1415 1915 in

49 1926 351 1982 superioribus
383 1926 712 1982 explicavimus,
746 1943 832 1982 quo
864 1928 963 1970 loco
994 1943 1135 1984 genus
1167 1928 1342 1971 dicendi
1373 1930 1415 1971 in

50 1983 248 2039 Legibus
277 1990 534 2039 usurpatum
565 1984 768 2027 universe
798 1984 1122 2040 descripsimus.

164 2095 431 2138 Accedimus
487 2097 626 2153 igitur
682 2096 736 2138 ad
775 2097 984 2152 loquendi
1025 2098 1232 2140 formulas
1283 2107 1413 2155 atque

43 2151 266 2195 dictiones
317 2154 495 2196 oratorii
536 2165 714 2196 ornatus
755 2170 911 2197 caussa
963 2162 1209 2211 usurpatas.
1288 2156 1413 2210 Quae

51 2209 224 2264 quidem
257 2211 463 2264 quoniam
494 2211 644 2253 nescio
667 2210 772 2265 quid
805 2212 1033 2254 insolentis
1066 2212 1278 2255 audaciae
1308 2229 1411 2270 prae

51 2280 98 2307 se
129 2267 297 2319 ferunt,
354 2267 519 2310 criticis
571 2274 778 2323 protenus
827 2269 1096 2325 inelegantes
1136 2277 1239 2313 sunt
1277 2271 1411 2325 visae,

50 2322 211 2379 quippe
252 2338 365 2378 quae
404 2325 591 2367 orationi
631 2324 852 2382 turgidum
894 2326 1102 2381 quiddam
1132 2333 1177 2370 et
1205 2328 1317 2370 male
1349 2330 1412 2370 at—

51 2379 258 2422 fectatum
299 2380 482 2423 afferant
529 2382 727 2437 adeoque
776 2384 1080 2439 perspicuitati
1132 2385 1226 2426 eius
1278 2392 1411 2441 atque

51 2436 223 2479 nativae
295 2437 537 2495 elegantiae
596 2439 828 2494 plurimum
889 2440 1098 2486 officiant.
1198 2442 1410 2484 Fatemur

53 2499 199 2535 tamen
250 2495 374 2537 nobis
427 2495 602 2551 quidem
662 2511 790 2538 secus
853 2495 906 2539 de
961 2513 1012 2539 ea
1065 2514 1110 2540 re
1157 2498 1296 2540 videri
1339 2514 1408 2541 so-

43 2548 155 2602 lere,
188 2550 557 2606 quandoquidem,
590 2553 664 2596 ubi
697 2553 832 2610 probe
863 2555 1183 2598 meminerimus
1216 2556 1409 2599 universi

54 2604 228 2648 dicendi
266 2609 439 2663 generis
479 2625 506 2651 a
547 2610 732 2653 Platone
771 2611 815 2652 in
845 2610 911 2654 his
944 2612 1067 2655 h‘bris
1098 2627 1184 2654 non
1217 2613 1311 2655 sine
1342 2613 1409 2655 iu-

54 2662 132 2704 stis
163 2664 330 2706 caussis
359 2665 558 2721 adhibiti,
602 2668 746 2710 omnia
786 2674 915 2722 atque
955 2669 1152 2726 singula,
1210 2671 1407 2724 quamvis

1048 2748 1136 2789 F*
