1644 2886
478 138 558 181 DE
590 134 865 181 LEGIBUS
902 143 982 179 etc.
1282 134 1402 176 XXI

46 262 247 306 matur,
284 253 406 295 cuius
435 267 546 306 quae
577 252 644 293 vis
675 253 734 294 sit.
765 259 808 293 et
842 248 1191 307 magnificentia,
1225 248 1399 305 egregie

46 311 289 354 declaratur
321 326 360 367 p.
394 310 488 352 715.
520 309 574 352 Ε.
607 323 703 364 sqq.
745 307 1001 365 generali
1031 305 1133 348 illo
1164 311 1216 347 et
1253 320 1400 348 com-

47 368 200 410 muni
240 384 267 424 p
286 381 415 409 rooe
432 365 561 420 mio,
601 381 688 421 quo
725 380 823 407 cum
855 365 973 407 cives
1000 373 1090 406 tum
1119 362 1401 421 magistratus

46 424 199 482 grandi
239 432 283 466 et
314 423 546 481 magnifica
575 423 771 465 oratione
799 428 1054 474 monentur,
1095 425 1143 462 ut
1171 419 1401 463 refrenatis

47 489 92 524 et
121 482 322 525 coercitis
359 480 672 537 cupiditatibus
701 479 792 522 suis
822 479 1057 534 pravisque
1091 477 1279 533 partium
1310 483 1401 520 stu—

49 539 132 582 diis
163 540 338 597 legem
371 539 459 594 pie
489 544 798 591 sancteque
838 542 1234 588 revereantur,
1275 534 1401 591 quip-

48 612 101 654 pe
151 612 263 652 quae
305 596 362 638 sit
389 595 546 637 mentis
575 594 847 647 rationisque
878 592 1065 646 vicaria,
1104 599 1238 647 atque
1279 592 1402 635 iusti-

48 655 153 696 tiam
184 653 388 707 divinam,
421 651 738 694 severissimam
759 650 904 706 legum
935 649 1231 706 neglectarum
1264 649 1404 692 vindi-

50 727 166 765 cem,
210 709 402 752 modeste
445 707 702 764 suspiciant.
780 706 914 760 Quod
964 707 1116 749 mirum
1172 713 1241 748 est
1287 707 1404 749 viros

50 768 203 810 doctos
232 766 286 808 ad
320 766 435 808 hunc
451 780 593 821 usque
612 762 725 807 diem
754 764 883 820 plane
915 764 1206 821 praeteriisse,
1239 764 1404 821 quippe

49 825 123 880 qui
162 823 372 866 iustitiam
402 823 704 866 existimarunt
741 821 869 878 plane
899 821 1073 864 silentio
1103 821 1403 864 transmissam

49 896 143 924 esse
166 881 223 936 ⁸).
289 883 350 922 At
372 881 575 922 nimirum
600 878 863 935 descriptam
882 894 976 921 eam
1003 879 1074 921 hic
1103 884 1307 936 putamus
1338 878 1403 921 lu-

48 938 340 981 culentissime
357 970 369 991 ,
411 944 455 980 et
497 938 560 980 ita
589 936 881 994 descriptam,
923 943 972 978 ut
1008 936 1136 980 simul
1177 943 1402 992 appareat,

50 1010 178 1051 quam
221 1002 384 1036 arctam
435 1010 486 1037 ea
533 1009 632 1037 cum
673 994 964 1050 temperantia
999 1003 1044 1036 et
1074 994 1237 1050 pietate
1268 1008 1320 1036 co
1354 1009 1403 1036 u-

49 1052 250 1095 lationem
292 1053 462 1095 habeat.
532 1052 592 1094 Et
631 1051 729 1107 quis
767 1057 835 1093 est
872 1052 976 1106 quin
1019 1051 1064 1093 id
1103 1051 1290 1093 fateatur
1320 1010 1405 1093 ¹1¹³oe

50 1111 145 1166 ipso
175 1110 295 1163 loco,
328 1110 373 1151 in
404 1124 491 1165 quo
542 1109 722 1165 propius
761 1108 816 1150 ad
852 1108 998 1166 legum
1038 1108 1320 1165 scriptionem
1362 1116 1405 1150 et

50 1167 439 1224 promulgationem
470 1166 708 1219 acceditur,
740 1167 901 1208 factum
925 1181 1020 1208 esse
1050 1166 1182 1223 longe
1212 1165 1405 1222 pruden-

50 1224 243 1267 tissime?
315 1223 488 1265 Etenim
535 1223 729 1266 iustitiae
766 1223 832 1265 vis
872 1229 915 1265 et
954 1230 1107 1265 natura
1147 1238 1281 1278 quum
1316 1239 1405 1265 ma-

51 1283 163 1324 xime
207 1288 408 1324 cernatur
455 1281 501 1322 in
543 1280 688 1338 legum
736 1279 1016 1322 observantia
1065 1287 1110 1323 et
1144 1281 1405 1334 reverentia,

51 1339 247 1395 profecto
279 1338 436 1379 rationi
463 1337 591 1394 plane
630 1344 697 1380 est
726 1343 1081 1393 consentaneum,
1113 1337 1231 1393 quod
1262 1338 1322 1380 ibi
1353 1337 1406 1379 de

51 1411 103 1438 ea
141 1395 404 1438 luculentius
444 1395 688 1450 exponitur.
759 1393 1065 1450 Quamquam,
1097 1394 1143 1436 id
1173 1395 1294 1450 quod
1321 1395 1407 1437 iam

52 1458 180 1495 antea
208 1451 411 1505 vidimus,
454 1453 582 1494 etiam
615 1453 717 1494 alibi
766 1453 1045 1508 reperiuntur
1083 1451 1298 1508 quaedam
1327 1468 1407 1509 per

50 1510 322 1553 occasionem
354 1510 633 1565 interspersa,
665 1524 777 1564 quae
808 1509 863 1551 ad
895 1510 1298 1565 vimnaturamque
1327 1510 1407 1552 hu-

51 1569 119 1610 ius
159 1566 332 1609 virtutis
379 1566 681 1609 declarandam
726 1567 912 1610 valeant.
982 1568 1149 1610 Facere
1194 1568 1309 1610 enim
1348 1568 1408 1609 ita

53 1625 164 1668 solet
199 1623 513 1681 philosophus,
558 1632 607 1665 ut
638 1639 726 1666 rem
759 1623 939 1667 eandem
971 1625 1079 1667 locis
1112 1625 1407 1681 compluribus

52 1683 206 1724 iterum
240 1682 482 1736 iterumque
522 1682 728 1738 attingat,
775 1697 862 1736 quo
907 1683 1000 1724 eius
1031 1682 1271 1738 descriptio
1302 1698 1407 1739 pau-

51 1739 171 1781 latim
218 1739 434 1781 efficiatur
481 1737 650 1795 plenior
699 1746 743 1781 et
789 1739 1036 1794 perfectior.
1126 1740 1290 1782 Verum
1343 1739 1408 1782 his

52 1797 193 1839 missis
223 1796 444 1852 pergimus
475 1795 530 1837 ad
571 1796 667 1838 alia.
725 1796 972 1839 Pertexitur
1001 1797 1134 1853 igitur
1169 1797 1289 1839 filum
1321 1797 1409 1840 dis-

52 1853 292 1911 putationis
334 1853 542 1909 deinceps
572 1853 688 1895 hunc
721 1854 763 1895 in
793 1853 982 1896 modum.
1045 1855 1266 1896 Absoluta
1295 1855 1409 1897 enim

54 1911 269 1953 communi
319 1910 392 1950 illa
446 1910 605 1952 civium
653 1910 981 1964 cohortatione,
1039 1911 1094 1953 de
1145 1927 1232 1967 qua
1280 1912 1409 1954 modo

54 1965 216 2009 dictum
248 1971 330 2019 est,
363 1966 519 2008 deinde
550 1967 659 2008 aliae
690 1982 864 2022 quoque
904 1968 1122 2010 orationes
1160 1969 1410 2011 consimiles

53 2024 404 2077 subsequuntur,
444 2023 602 2078 quibus
641 2024 872 2079 exponitur
911 2023 964 2066 de
994 2024 1153 2068 officiis
1192 2025 1247 2067 ad
1275 2025 1410 2068 virtu-

55 2089 142 2125 tem
185 2079 359 2122 civilem
390 2079 648 2135 explendam
679 2080 971 2136 gravissimiS,
1018 2081 1072 2124 de
1113 2083 1233 2125 cultu
1264 2090 1308 2125 et
1337 2099 1409 2125 ve—

56 2138 279 2180 neratione
309 2136 503 2189 deorum,
536 2135 590 2179 de
618 2137 778 2193 pietate
810 2153 915 2195 erga
976 2146 1163 2192 arentes,
1196 2139 1250 2182 de
1281 2141 1408 2183 iustis

56 2195 229 2248 liberis,
269 2195 496 2251 cognatis,
529 2193 698 2236 civibus
729 2155 1027 2251 praestandis,
1066 2196 1175 2239 aliis.
1237 2196 1410 2251 Quibus

56 2252 254 2295 omnibus
295 2267 337 2307 p.
379 2253 472 2295 718.
514 2250 564 2294 C.
606 2251 834 2295 subiicitur
869 2252 1121 2309 disputatio
1164 2254 1217 2297 de
1258 2255 1410 2299 talium

88 2309 373 2352 rooemiorum
406 2309 593 2351 utilitate
624 2324 674 2351 ac
700 2310 970 2352 necessitate.
1034 2311 1142 2353 Vult
1172 2315 1283 2355 enim
1314 2313 1410 2370 phi-

73 2365 265 2423 osophus
306 2366 448 2423 legum
491 2366 772 2422 scriptionem
812 2383 897 2409 non
950 2384 1042 2410 eam
1082 2376 1248 2412 tantum
1297 2385 1407 2425 esse,

59 2439 169 2479 quae
209 2423 252 2465 vi
283 2431 414 2480 cogat
443 2423 497 2466 ad
528 2423 730 2465 obeunda
760 2424 902 2466 civilia
931 2427 1127 2483 negotia,
1173 2431 1249 2470 sed
1281 2428 1408 2470 etiam

59 2480 285 2533 moralem,
325 2495 437 2535 quae
468 2481 634 2523 animos
665 2481 822 2523 civium
855 2481 909 2524 ad
940 2483 1143 2526 virtutem
1175 2484 1289 2527 ultro
1322 2500 1410 2527 am-

61 2536 332 2592 plectendam
385 2546 427 2580 et
477 2538 704 2581 amandam
754 2539 906 2581 incitet
955 2547 997 2583 et
1040 2541 1094 2583 ad
1137 2542 1282 2598 legum
1333 2543 1408 2584 ob-

103 2711 136 2759 ²·'=)
163 2723 203 2755 v.
232 2723 408 2765 Dilthoy
435 2726 443 2755 ι
484 2737 508 2758 nv
537 2737 566 2768 p.
599 2724 648 2758 16.
680 2734 753 2765 sqq.
784 2708 936 2758 Ze'uer.
967 2725 1067 2758 stud.
1093 2726 1181 2760 mat.
1210 2737 1242 2768 p.
1268 2727 1313 2762 52
1333 2737 1406 2767 sqq.
