1644 2886
164 92 248 134 DE
279 89 554 134 LEGIBUS
586 88 705 133 LIB.
738 88 817 131 VI.
851 89 901 131 P.
934 89 1028 132 784.
1063 89 1155 130 785.
1189 87 1254 130 St.
1321 87 1401 129 237

53 213 232 259 κείσθω,
268 210 589 265 ἀκοσμούντων
624 211 668 252 δὲ
690 208 1070 263 νομοθετηθέντα
1096 205 1235 265 ταύτῃ
1261 221 1401 261 πρατ-

53 280 200 322 τέσθω
247 278 361 320 κατὰ
413 275 518 328 τοὺς
562 276 661 320 τότε
704 278 922 325 τεθέντας
966 272 1142 330 νόμους.
1187 274 1288 338 βίον
1320 274 1400 330 μὲν

52 345 167 401 ἀρχὴ
217 347 297 387 τοῦ
342 344 512 395 παντὸς
555 345 758 394 ἑκάστοις
803 342 827 387 ὁ
867 343 1042 398 πρῶτος
1086 340 1310 392 ἐνιαυτός·
1348 339 1401 383 ὃν

53 413 314 471 γεγράφθαι
357 411 496 468 χρεών
523 418 577 462 ,ἐν
632 415 784 467 ἱεροῖσι
831 409 1059 465 πατρῴοις
1108 411 1218 462 ζωῆς
1260 407 1404 465 ἀρχὴν

53 480 170 536 κόρῳ
215 482 288 522 καὶ
335 480 458 540 κόρῃ.
500 479 882 537 παραγεγράφθω
920 476 960 520 δ’
1000 482 1047 519 ὲν
1084 480 1214 532 τοίχῳ
1260 479 1401 519 λελευ-

52 553 226 602 κωμένῳ
272 552 316 589 ὲν
363 551 481 607 πάσῃ
527 550 725 605 φρατρίᾳ
762 545 840 589 τὸν
874 542 1082 600 ἀριθμὸν
1117 546 1206 586 τῶν
1238 543 1402 600 ἀρχόν-

51 632 138 658 κων
173 617 260 656 τῶν
296 617 365 657 ἐπὶ
404 623 497 664 τοῖς
532 618 670 657 ἔτεσιν
693 612 1054 667 ἀριθμουμένων.
1090 613 1170 664 τῆς
1203 613 1250 654 δὲ
1283 629 1399 670 ‹ppa-

53 686 175 737 τρίας
207 681 279 724 ἀεὶ
317 680 419 732 τοὺς
453 684 618 734 ζῶντας
654 684 734 735 μὲν
768 680 1032 737 γεγράφθαι
1063 681 1261 731 πλησίον,
1286 679 1402 729 song

52 749 90 792 δ’
130 748 492 805 ὑπεκχωροῦντας
526 751 608 792 τοῦ
645 751 747 803 βίου
768 749 1026 805 ἐξαλείφειν.
1057 746 1203 802 γάμου
1223 749 1267 790 δὲ
1291 744 1401 802 ὅρον

51 816 162 860 εἶναι
205 817 313 876 κόρῃ
355 819 435 871 μὲν
479 815 572 859 άπὸ
611 817 837 859 ἑκκαίδεκα
874 815 984 858 ἐτῶν
1019 819 1078 863 εὶς
1113 814 1271 865 εἴκοσι,
1321 812 1401 858 τὸν

53 976 110 1004 tur
137 971 219 1003 Ven.
246 971 283 1005 Ξ.

145 1016 187 1049 Ρ.
214 1016 291 1052 785.
340 1016 476 1059 ἀρχήν
500 1013 634 1058 κόρῳ]
663 1013 749 1056 ἀρχὴ
781 1016 819 1046 Α.
847 1013 877 1046 h.
906 1014 937 1048 δ.
962 1023 995 1046 x.
1023 1018 1057 1047 et
1080 1023 1189 1056 marg.
1215 1014 1263 1046 Ω.
1316 1013 1400 1047 Dein

54 1073 116 1105 pro
144 1064 234 1105 vulg.
259 1061 387 1105 κούρῳ,
413 1061 504 1103 quod
532 1071 652 1094 rursus
679 1063 762 1094 Ven.
790 1062 827 1093 Ξ.
854 1065 982 1098 tuetur,
1006 1061 1111 1094 ceteri
1138 1058 1239 1104 κόρῳ.
1266 1060 1403 1094 Deinde

53 1109 206 1142 oremus
230 1110 319 1141 coni.
346 1106 653 1150 παραγεγράφθαι.
681 1108 850 1149 probante
883 1106 1095 1140 Hermanno.

144 1157 187 1184 lv
218 1154 331 1199 πάσῃ
363 1153 571 1196 φρατρίᾳ]
607 1154 759 1194 φρατρίᾳ
790 1157 825 1185 et
858 1154 1030 1197 φρατρίας
1061 1156 1099 1185 Α.
1125 1154 1172 1185 Ω.
1198 1162 1230 1184 v.
1258 1151 1288 1186 h.
1313 1163 1344 1184 a.
1371 1163 1402 1184 c.

54 1202 85 1232 ὃ.
112 1210 189 1233 cum
215 1200 316 1234 Banu.
341 1200 373 1234 1.
399 1200 431 1234 2.
481 1200 553 1232 Sed
587 1198 668 1232 And.
702 1205 737 1231 et
768 1197 887 1242 Steph.
923 1209 1000 1231 cnm
1037 1200 1181 1241 reliqui·
1213 1201 1344 1243 φατρΙᾳ
1369 1206 1404 1231 et

55 1246 215 1291 φατρίας.

56 1359 288 1393 archonte·
312 1358 476 1400 appellati
490 1362 584 1397 sunt,
603 1369 620 1389 a
639 1368 691 1390 re·

763 1357 820 1391 lx.
849 1369 881 1401 p.
895 1358 973 1394 859.
994 1362 1040 1391 A:
1066 1357 1245 1401 γράψαντα
1269 1358 1306 1391 ἐν
1331 1362 1398 1391 wt-

55 1405 267 1438 centini-ibu-
287 1409 400 1437 autem
418 1403 581 1436 dicuntur
605 1402 692 1436 ἐπώ·

759 1415 843 1445 zois.

55 1462 166 1491 νυμοι.
200 1461 231 1484 ν.
269 1450 553 1484 Schoemann.
593 1451 692 1482 Anti·
807 1451 847 1483 B.
898 1449 1035 1493 γάμου
1069 1449 1114 1483 δὲ
1146 1450 1253 1495 ὅρον
1283 1447 1398 1484 εἶναι

53 1499 153 1540 quitt.
193 1497 261 1530 lur.
305 1497 407 1530 Pnbi.
447 1497 615 1529 Graecor.
657 1507 691 1538 p.

54 1544 134 1579 243.
183 1543 346 1577 Ceterum
379 1542 445 1576 hoc
476 1552 616 1584 quoque
645 1542 691 1575 ad

54 1591 206 1623 instituta
234 1588 487 1623 Atheniensium
511 1599 690 1631 compara-

54 1642 125 1670 tum
159 1641 233 1678 est,
271 1637 364 1678 apud
402 1645 491 1676 quos
531 1634 690 1677 phratriis

53 1688 128 1716 erat
163 1683 371 1722 iniunctum,
404 1686 441 1713 ut
472 1682 606 1714 nomina
642 1681 689 1713 ci-

53 1729 142 1762 vium
174 1729 206 1761 in
245 1729 324 1761 albo
355 1728 546 1770 perscripta
571 1737 689 1760 serva-

55 1780 140 1807 rent.
173 1785 205 1806 v.
244 1774 439 1807 Platner.
465 1773 621 1815 Symbol.
647 1773 690 1806 ad

54 1822 124 1854 lun.
147 1822 223 1854 Att.
251 1831 283 1862 p.
299 1819 369 1854 143
383 1831 432 1862 sq.
463 1820 609 1852 Meier.
634 1819 692 1852 De

54 1867 199 1908 gentiiit.
239 1866 341 1898 Attic.
369 1876 400 1905 p.
427 1864 482 1900 13.
510 1869 545 1898 et
570 1865 614 1900 15
638 1875 691 1907 tq.

55 1931 98 1938 ——
129 1913 196 1945 Pro
223 1910 283 1944 τὸν
297 1907 448 1953 ἀριθμόν
464 1911 557 1953 quod
585 1912 691 1943 Asti-

56 1970 105 1991 ιιο
156 1958 333 2000 legendum
383 1958 550 1996 coniecit,
610 1954 693 1988 κατὰ

58 2004 118 2038 τὸν
148 2001 317 2046 ἀριθμόν,
350 2004 383 2036 id
419 2014 485 2036 non
511 2013 602 2045 opus
628 2008 692 2035 est.

57 2051 173 2084 Habet
203 2052 293 2084 enim
330 2051 475 2092 simplex
516 2050 691 2082 accusati-

56 2108 118 2130 vus
149 2097 222 2131 fere
257 2096 400 2130 eandem
442 2096 506 2128 vim
533 2106 573 2128 ac
598 2100 693 2138 pote-

58 2148 194 2177 statem.
243 2144 364 2184 Neque
390 2152 464 2175 cum
493 2141 693 2175 Herman-

58 2200 107 2222 no
139 2189 183 2223 de
212 2190 406 2223 coniectura
440 2188 600 2221 Oreiiii
637 2198 691 2221 re-

57 2246 180 2278 ponam
235 2232 546 2278 παραγεγράφθαι,
599 2233 691 2275 quod

58 2291 166 2315 novas
182 2287 278 2316 creat
295 2282 529 2322 difficultates,
548 2280 591 2313 de
615 2281 690 2322 qui-

58 2328 121 2360 bu·
150 2332 264 2362 tamen
296 2337 469 2371 exponere
501 2337 590 2359 nunc
625 2336 691 2359 non

61 2378 168 2406 vacat.
195 2393 239 2399 —
301 2374 461 2416 Τοῖχος
492 2374 690 2405 λελευκω-

60 2418 188 2458 μένοε
222 2420 362 2463 intelligi
394 2425 510 2463 potest
541 2420 689 2452 tabula

61 2465 266 2507 grandior
317 2472 452 2508 atque
505 2465 694 2508 amplior

61 2520 196 2552 gypso
223 2511 431 2551 obducta,
461 2512 500 2545 in
527 2522 610 2553 qua
637 2511 692 2544 ci·

63 2557 166 2590 vium
218 2559 380 2591 nomina
430 2559 690 2600 consignan-

62 2605 143 2634 tur.
192 2601 264 2635 Nisi
297 2603 386 2637 sorte
415 2615 493 2646 pars
523 2604 690 2648 parietum

64 2649 180 2690 tempii
205 2649 306 2689 patrii
323 2655 466 2691 gypsata
485 2655 520 2684 et
544 2650 618 2683 hnic
643 2651 691 2682 rei

66 2691 232 2726 ‹lentinuu-
263 2695 479 2736 inteiiigenda
510 2702 572 2730 ost.
599 2696 692 2729 Libr.

760 1497 824 1540 —J
852 1497 902 1530 De
928 1497 979 1530 his
1005 1508 1035 1530 v.
1063 1497 1174 1541 Legg.
1193 1499 1250 1531 lV.
1267 1510 1299 1541 p.
1317 1499 1397 1533 721.

761 1543 803 1576 Β.
829 1543 889 1576 Vl.
919 1554 951 1585 p.
980 1544 1057 1579 775.
1083 1544 1162 1580 772.
1184 1545 1230 1578 D.
1250 1545 1289 1577 E.
1317 1547 1399 1579 coil.-

758 1589 817 1621 ΧΙ.
846 1600 879 1632 ρ.
905 1589 974 1624 924
999 1601 1074 1632 sqq.
1106 1591 1158 1624 ΙΙ.
1192 1603 1225 1635 p.
1251 1591 1330 1627 674.
1359 1592 1399 1625 Β.

760 1637 833 1667 Alia
860 1637 972 1669 sanxit
998 1636 1220 1680 philosophus
1237 1638 1339 1680 Reip.
1360 1639 1397 1671 V.

759 1693 791 1723 p.
813 1682 882 1716 460
900 1693 976 1725 sqq.
1002 1683 1082 1718 466.
1107 1685 1150 1718 E.
1175 1685 1232 1717 ubi
1262 1685 1322 1717 viri
1347 1686 1397 1716 in-

757 1734 810 1761 tra
835 1738 958 1762 annum
975 1730 1104 1762 aetatis
1127 1730 1339 1764 tricesimum
1367 1738 1401 1763 et

757 1775 1055 1816 quiquagesimum
1082 1778 1238 1818 quintum
1250 1802 1265 1818 ,.
1296 1777 1398 1810 femi-

761 1831 823 1853 nae
853 1827 967 1854 antem
1000 1823 1086 1854 intra
1119 1822 1245 1857 annum
1274 1824 1331 1858 20.
1363 1829 1399 1857 et

759 1866 815 1901 40.
842 1867 1095 1901 matrimonium
1115 1870 1257 1910 iungere
1279 1870 1398 1902 iuben-

760 1918 826 1944 tur.
878 1913 927 1944 De
959 1923 1024 1954 qua
1065 1915 1294 1956 discrepantia
1329 1917 1398 1947 alio

763 1960 839 1990 loco
869 1958 1002 1992 dictum
1038 1966 1103 1992 est.
1150 1961 1220 1993 Hic
1242 1962 1274 1993 in
1302 1971 1398 1994 men-

761 2008 830 2037 tem
858 2006 996 2038 veniunt
1026 2016 1116 2047 quae
1148 2006 1322 2040 Caesar.
1350 2008 1401 2039 Du

761 2050 849 2083 Ben.
874 2051 965 2084 Gan.
990 2052 1052 2085 Vi.
1071 2053 1128 2087 21.
1155 2058 1190 2086 et
1215 2053 1401 2086 Tacitus

764 2096 813 2128 De
850 2096 972 2130 Germ.
1014 2109 1043 2131 c.
1075 2099 1130 2134 20.
1172 2099 1216 2133 de
1256 2100 1400 2142 nuptiaii

760 2147 876 2175 aetate
907 2143 996 2185 apud
1029 2151 1167 2178 veteres
1199 2146 1400 2179 Germanos

760 2190 883 2222 unitata
902 2190 1067 2224 scribunt.
1118 2192 1178 2224 ille
1202 2192 1313 2226 enim:
1336 2193 1399 2226 ln-

760 2239 825 2267 tra
852 2245 1004 2270 annum
1030 2248 1138 2270 vero
1159 2237 1238 2271 XX.
1273 2239 1396 2272 ferni-

760 2291 837 2314 nae
874 2284 1073 2317 notitiam
1115 2283 1325 2319 habuisse
1357 2287 1395 2318 in

758 2329 1029 2370 turpissimis
1066 2329 1224 2364 habent
1250 2332 1395 2366 rebus.

761 2373 828 2405 Hic
856 2380 991 2407 autern:
1024 2375 1152 2416 Sera,
1182 2377 1309 2419 inquit,
1340 2379 1395 2410 iu-

757 2429 910 2452 venum
956 2421 1118 2461 Venus·‚
1162 2433 1308 2466 eoque
1338 2424 1395 2456 in-

762 2467 975 2500 exhausta
1015 2469 1287 2510 pubertaa;
1318 2479 1397 2503 nec

762 2511 957 2554 virginea
995 2514 1291 2555 festinantur;
1329 2526 1395 2549 ea·

762 2556 853 2589 dem
888 2559 1081 2593 iuventa.
1116 2561 1273 2594 similis
1301 2573 1394 2604 pro-

761 2604 952 2647 ceritas,
979 2616 1106 2648 pares
1138 2607 1394 2650 validaeque

763 2650 1024 2686 miscentur.
1063 2663 1107 2685 ac
1139 2653 1298 2687 robora
1329 2666 1392 2698 pa-

762 2700 935 2729 rentum
964 2698 1093 2730 tiberi
1119 2700 1330 2733 referunt.
