1644 2886
245 96 327 138 306
729 96 1106 139 PLATONIS

247 210 433 261 ήκοντός
470 226 584 258 τινος
630 209 739 251 αὐτὸ
780 212 1073 265 πράττοιμεν,
1109 211 1208 260 ἴσως
1239 208 1298 252 ἂν
1330 210 1431 265 ἡμῖν
1469 211 1573 266 σύμ-

245 291 405 329 μετρον
453 273 511 316 ἂν
555 274 632 324 εἴη.
677 277 781 326 λέγω
824 278 867 318 δὲ
904 275 953 328 δή
991 280 1033 318 τί
1067 292 1198 328 ποτ-ε,-
1235 275 1332 326 &lawe
1359 277 1476 331 μέντ’
1519 277 1574 318 ἄν

247 344 310 388 τίς·
343 358 416 394 μοι
457 339 582 381 τοῦτ’
625 340 734 384 αὐτὸ
772 340 1008 396 ὑπολαβών
1044 341 1197 397 ὀρθῶς
1231 340 1464 397 ὑπολάβοι.

346 407 447 447 ΚΛ.
516 404 651 447 ΙΙάνυ
687 410 765 460 μὲν
802 401 894 449 οὖν.

346 472 443 512 ΛΘ.
516 471 635 524 Φημὶ
660 474 821 525 χρῆναι
842 473 889 514 τὸ
920 477 998 524 μὲν
1031 474 1273 515 σπουδαῖον
1307 472 1576 525 σπουδάζειν,

249 535 297 577 το
343 539 386 578 δὲ
431 534 491 590 μὴ
536 541 778 580 σπουδαῖον
821 542 907 593 μὴ’
945 538 1074 595 φύσει
1117 540 1162 581 δὲ
1206 536 1316 580 εἶναι,
1353 538 1470 582 θεὸν
1498 542 1576 591 μὲν

246 601 389 652 πάσης
415 606 634 657 μακαρίου
670 607 864 655 σπουδῆς
900 603 1045 654 ἄξιον,
1081 601 1332 658 ἄνθρωπον
1366 606 1429 650 δὲ.
1469 602 1575 658 ὅπερ

244 667 419 720 εἴπομεν
458 672 733 722 ἔμπροσθεν,
772 672 887 713 θεοῦ
926 687 965 711 τι
1003 672 1206 721 παίγνιον
1243 668 1353 712 εἶναι.
1386 686 1576 723 μεμηχα-

245 740 454 784 νημένον,
484 736 555 774 καὶ
592 731 729 783 ὅντως
766 737 896 778 τοῦτο
933 734 1073 777 αὐτοῦ
1110 735 1159 779 τὸ
1195 737 1418 788 βέλτιστον
1456 752 1575 789 7⁸7⁰-

244 803 393 842 νέναι·
443 797 586 852 τούτῳ
635 798 688 851 δὴ
737 802 825 843 δεῖν
870 802 925 854 τῷ
977 798 1122 855 τρόπῳ
1169 800 1464 855 ξυνεπόμενον
1505 804 1575 842 καὶ

245 866 455 916 παίζοντα
502 862 524 907 ὅ
573 881 612 906 τι
658 868 889 916 καλλίστας
933 866 1112 915 παιδιάς
1149 865 1279 908 πάντ’
1325 864 1467 920 ἄνδρα
1503 870 1575 908 καὶ

244 937 426 977 γυναῖκα
478 927 591 972 οὕτω
647 933 898 984 διαβιῶναι,

247 998 507 1046 ιὀηθὲντας.

338 1124 374 1155 ι).
426 1122 470 1154 τό
502 1122 532 1154 δ’
563 1118 608 1163 η’,
634 1125 672 1154 ι.
700 1127 755 1166 „.]
783 1127 840 1158 Sic
869 1129 904 1157 A.
933 1127 978 1157 Ω.

247 1168 371 1200 Aetius.

245 1291 278 1321 p.
313 1279 412 1314 1547.
450 1282 557 1322 intpp.
592 1282 636 1313 ad
668 1282 825 1314 Hesio
845 1283 878 1314 d.

245 1324 333 1365 Opp.
374 1329 408 1356 et
439 1325 519 1356 DD.
560 1326 636 1360 299.
671 1328 876 1369 Xenoph.

244 1370 348 1402 Mem.
374 1370 423 1402 11.
453 1371 491 1410 6,
517 1369 550 1403 4.
578 1371 807 1405 Heindorf.
833 1373 876 1404 ad

246 1415 333 1447 Plat.
360 1414 542 1457 Protagor.
567 1427 599 1457 p.
624 1417 703 1451 334.
731 1419 774 1449 A.
812 1420 877 1450 At-

244 1471 309 1502 que
334 1462 383 1492 sic
406 1457 561 1502 ἀκέρδεια
584 1464 676 1503 apud
701 1463 877 1495 Pindar-

244 1506 379 1547 Olymp.
396 1506 423 1538 I.
442 1505 496 1540 84.
511 1515 574 1547 pro
591 1506 706 1549 βλαβή
722 1510 874 1549 ponitur.

288 1572 327 1603 C.
358 1572 473 1603 θεοῦ
499 1584 531 1603 ιι
557 1574 782 1616 παίγνιον]
808 1575 875 1606 Re-

244 1618 389 1658 spicit-ur
413 1619 457 1649 ad
482 1618 559 1650 libr.
585 1620 612 1653 Ι.
638 1629 670 1660 p.
695 1619 771 1653 644.
799 1619 844 1651 D.

285 1686 329 1718 D.
356 1685 399 1718 τὸ
427 1682 463 1718 δ’
489 1681 537 1728 ἦν
563 1686 605 1718 ἐν
631 1687 871 1730 πολέμῳ-]

242 1732 356 1772 quod
389 1737 543 1764 contra
576 1734 622 1764 in
654 1733 770 1764 bello
802 1742 875 1764 nec

241 1778 327 1808 fuit
361 1788 544 1818 unquam
582 1778 707 1810 nobis
746 1778 871 1809 lusus

240 1828 302 1853 etr.
351 1823 418 1853 Per
444 1833 538 1854 eram
569 1824 672 1864 vulgo
698 1823 871 1855 scriheba-

240 1864 385 1899 turto'B'
412 1879 452 1909 ηπ
477 1867 514 1899 ἐν
538 1878 568 1899 π.
585 1867 872 1922 undeStepha-

242 1923 317 1945 nus
351 1914 548 1954 corrigebat
586 1912 621 1945 τὸ
655 1909 689 1944 δ’
718 1912 873 1944 εἰαντιοι

242 1954 294 1999 ἦν.
358 1959 498 1990 Verum
545 1961 676 1999 primus
722 1959 874 2001 pervidit

242 2003 467 2036 Heindorf.
500 2004 545 2036 ad
570 2004 713 2036 Theaet.
738 2015 771 2045 p.
796 2002 874 2037 334.

241 2049 294 2080 De
310 2046 347 2079 τὸ
363 2047 408 2086 δέ
424 2059 550 2090 quum
574 2053 733 2089 tamen,
756 2049 875 2091 quod

242 2098 409 2137 contra,
441 2105 473 2125 v.
510 2094 555 2126 ad
587 2074 741 2135 Apolog’.
775 2094 872 2126 Socr.

241 2150 273 2179 p.
300 2139 355 2173 25
382 2141 426 2170 A.
462 2139 573 2180 Legg.
604 2140 632 2171 1.
657 2151 690 2181 p.
722 2139 800 2174 642.
827 2140 871 2171 A.

240 2182 379 2216 Plenius
403 2184 512 2224 Legg.
608 2195 651 2238 p.
669 2184 744 2219 731.
769 2184 807 2216 E.
835 2182 871 2215 τὸ

241 2227 276 2259 δὲ
299 2225 444 2270 ἀληθείᾳ
469 2240 516 2270 γε.
545 2184 787 2271 VDe7211,quod
809 2240 874 2271 pro

240 2273 314 2306 ἐστι’
344 2274 481 2305 videtur
517 2276 668 2315 positum
708 2285 802 2315 esse,
841 2286 873 2306 v.

240 2329 319 2351 ann.
358 2319 402 2350 ad
441 2318 602 2360 Sympos.
639 2331 674 2361 p.
714 2320 791 2354 198.
828 2320 872 2351 D.

240 2366 280 2396 In
315 2374 410 2396 voce.
438 2361 557 2395 παιδιά
590 2372 623 2396 et
647 2364 780 2397 παιδεία
810 2375 871 2406 pa-

239 2410 457 2442 ronomasiae
484 2410 597 2442 lusum
622 2412 746 2447 inesse,
772 2411 872 2443 facile

239 2459 394 2496 apparet.

286 2498 329 2531 τὸ
356 2497 408 2540 δή
433 2510 571 2540 φαμεν
598 2498 694 2542 ἡμῖν
724 2500 779 2541 -]
805 2500 875 2531 Lo·-

240 2555 300 2577 «τηε
334 2550 526 2587 corruptus.
576 2545 613 2577 Si
647 2547 729 2588 quid
759 2546 876 2585 video,

239 2591 503 2631 corrigendum:
529 2588 548 2622 ὃ
570 2589 610 2621 δέ
630 2602 741 2632 φαμεν
756 2602 784 2622 κ.
805 2602 828 2622 τ.
848 2591 874 2621 λ.

240 2637 306 2675 nisi
344 2640 498 2677 praestat
542 2634 618 2668 τόδε
669 2635 711 2678 δή
755 2646 874 2676 φαμεν.

945 932 1206 974 τούναντίον
1259 930 1284 982 ἢ
1345 933 1425 974 νῦν
1481 934 1574 973 δια-

1034 1126 1141 1166 Vulgo
1167 1123 1245 1155 τόδ’
1273 1120 1322 1164 ἦν.
1371 1125 1576 1156 Con-exerat

949 1281 1048 1312 Prius
1090 1281 1245 1322 reposuit
1286 1281 1576 1319 Hermannus‚

947 1327 1041 1367 quod
1079 1328 1113 1357 in
1157 1336 1281 1358 caussa
1323 1326 1486 1366 ambigua
1525 1324 1575 1356 fa-

945 1376 1037 1403 ctum
1064 1372 1201 1403 nollem.
1250 1371 1431 1403 Sententia
1456 1364 1575 1401 verbo-

945 1427 1020 1448 rum
1060 1417 1145 1448 haee
1181 1420 1250 1448 est:
1283 1416 1396 1458 quod
1435 1419 1575 1447 autem

945 1462 1129 1493 dicimus
1155 1462 1303 1494 studio
1327 1461 1454 1502 nobis
1478 1470 1575 1491 esse

944 1507 1277 1548 dignissimum,
1307 1507 1390 1538 hoe
1424 1509 1508 1544 est,
1532 1509 1576 1536 ut

943 1553 1247 1592 unusquisque
1275 1553 1405 1583 vitam
1430 1550 1573 1582 tradu-

943 1602 1009 1628 cat
1028 1598 1070 1627 in
1095 1606 1204 1637 pace
1230 1606 1348 1637 quam
1372 1596 1574 1637 optimam

942 1646 976 1672 et
1043 1641 1363 1681 longissimam.
1436 1640 1575 1671 Deinde

943 1687 1071 1718 scribe:
1099 1687 1147 1717 τίς
1162 1681 1225 1717 οὖν
1240 1682 1412 1727 ὀρθότης;
1439 1686 1573 1726 παίζον-

944 1729 980 1763 τά
1005 1730 1076 1762 ἐστι
1101 1729 1302 1771 διαβιωτέον
1327 1728 1419 1762 τινὰς
1440 1728 1480 1771 δὴ
1499 1741 1574 1761 παι-

943 1774 1026 1814 διάς,
1052 1774 1187 1807 θύοντα
1212 1788 1241 1807 κ.
1269 1787 1294 1807 τ.
1317 1777 1343 1807 λ.
1370 1786 1573 1818 quaenam

939 1823 1074 1863 igitur
1098 1826 1166 1854 est
1188 1826 1307 1853 recta
1323 1821 1470 1853 ratio?
1496 1820 1574 1852 Ni-

940 1868 1090 1900 mirum
1122 1868 1212 1898 vita
1242 1867 1415 1898 lusibus
1447 1866 1571 1906 quasi

942 1913 1197 1954 quibusdam
1285 1912 1575 1951 transigenda

942 1962 1023 1998 est,
1072 1957 1378 1989 sacrificando
1428 1961 1467 1988 et
1508 1966 1572 1987 ca—

942 2003 1087 2034 nendo
1114 2007 1154 2034 et
1180 2002 1383 2034 saltando
1409 2006 1470 2034 ctr.
1517 2001 1574 2031 De

942 2049 1218 2087 interrogatione
1258 2048 1372 2079 medio
1421 2046 1574 2078 sermoni

940 2095 1124 2124 interserta
1156 2105 1188 2124 v.
1222 2092 1267 2125 ad
1291 2092 1406 2134 Symp.
1433 2102 1465 2132 p.
1494 2091 1573 2126 178.

943 2139 980 2170 l).
1016 2137 1200 2178 Protagor.
1226 2149 1259 2179 p.
1283 2137 1361 2172 343.
1388 2137 1428 2168 B.
1464 2135 1574 2177 Gorg.

940 2194 973 2224 p.
999 2183 1077 2218 453.
1106 2183 1144 2215 Ο.
1172 2183 1278 2224 Legg.
1297 2182 1350 2214 lV.
1375 2192 1408 2222 p.
1428 2182 1502 2216 722.
1533 2182 1571 2212 D.

940 2230 984 2261 al.
1024 2229 1255 2260 Accusativus
1272 2228 1432 2267 παιζονια
1448 2227 1574 2268 pendet

941 2284 983 2306 ex
1013 2271 1226 2314 διαβιωτέον,
1243 2273 1285 2304 de
1309 2283 1377 2314 qua
1401 2276 1574 2304 structura

941 2330 972 2350 v.
997 2320 1053 2351 ad.
1079 2329 1112 2359 p.
1138 2318 1214 2353 793.
1241 2318 1283 2350 Ε.
1326 2317 1379 2349 De
1405 2315 1497 2348 τινὰς
1522 2315 1574 2358 δή.

940 2365 1118 2405 aliquas
1143 2363 1336 2402 scilicet,
1353 2374 1383 2394 v.
1401 2364 1444 2394 ad
1463 2362 1573 2394 Phae-

941 2410 1022 2440 don.
1039 2419 1072 2450 p
1095 2408 1172 2443 107.
1204 2408 1247 2439 D.
1274 2409 1500 2440 He1·.mann
1529 2408 1574 2439 ad

942 2454 1106 2496 Sophocl.
1140 2453 1263 2494 Antig.
1303 2464 1335 2485 v.
1372 2452 1468 2487 158.
1485 2452 1572 2484 Ste-

943 2500 1107 2540 phanus
1133 2499 1349 2538 corrigebat:
1376 2510 1402 2529 τι
1425 2493 1489 2529 οὖν
1515 2493 1572 2538 ἅρ-

943 2542 1073 2575 θότατα
1099 2541 1259 2584 παιζονιά
1275 2542 1342 2575 ἐστὶ
1360 2541 1570 2584 διαβιωτέον.

944 2589 1156 2643 Bipontinus
1186 2590 1300 2621 editor
1327 2590 1494 2622 malebat.
1527 2589 1574 2618 ιιέ

944 2629 1008 2666 οὖι
1040 2630 1209 2675 ὀρθότης,
1246 2628 1265 2675 ἦ
1307 2635 1465 2674 παίζοντα
1506 2631 1574 2664 ἐστι
