1644 2886
499 94 591 146 ‘me
626 103 901 147 mensus
935 109 1015 144 etc.
1171 94 1428 141 LXXXIX

67 216 275 272 loquendi
317 219 529 260 rationem
570 231 623 259 ex
662 231 743 259 usu
784 216 997 259 sermonis
1029 215 1273 271 quotidiani
1304 229 1427 271 repe-

66 275 212 328 titam,
253 274 383 316 sicuti
426 274 748 316 demonstrasse
787 273 987 315 videmur
1013 273 1060 314 in
1089 272 1428 315 Commentariis

65 330 122 372 ad
173 346 270 373 eum
311 331 455 374 locum
502 331 770 387 perscriptis.
848 332 1000 385 Atque
1034 329 1147 372 idem
1178 330 1306 386 plane
1337 329 1428 371 exi-

13 398 15 438 j
66 387 330 431 stimandum
374 400 442 430 est
482 388 612 430 etiam
644 388 698 429 de
732 388 852 430 Libr.
885 388 992 430 Vll.
1025 404 1066 443 p.
1099 389 1195 431 819.
1226 387 1284 430 D.
1316 385 1429 429 ἀλλὰ

68 448 211 496 υηνών
251 461 386 487 τινων
427 445 563 495 εἷναις
607 445 651 486 in
693 445 859 498 quibus*
895 445 956 487 ita
987 444 1162 487 demum
1212 442 1427 498 offendas,

12 503 13 506 ’
67 501 102 544 si
135 517 224 544 rem
257 517 309 543 ex
340 508 490 544 nostra
519 501 729 556 loquendi
761 502 930 543 ratione
953 502 1160 544 metiaris.
1219 501 1317 543 Nec
1347 516 1428 543 nos

10 610 11 613 Ἴ
67 559 153 600 ullo
194 558 324 601 modo
365 565 591 601 morantur
636 573 748 613 quae
786 558 907 601 Libr.
949 558 1028 601 VI.
1072 575 1114 614 p.
1154 560 1251 600 775.
1283 558 1336 599 Ε.
1368 558 1429 600 Ie-

65 621 247 672 guntur:
279 616 390 672 ἀρχη
422 619 505 669 γάρ
539 619 611 657 καὶ
643 616 755 665 {mog
784 631 823 656 κ.
855 632 891 657 τ.
923 618 987 665 λ.;
1031 630 1145 670 quae
1176 615 1310 671 vulgo
1340 630 1428 657 non

65 673 172 715 satis
213 678 335 715 recte
374 672 596 714 intellecta
637 686 734 713 esse
773 687 855 714 suo
904 671 1003 714 loco
1043 671 1428 714 demonstrabitur.

64 730 239 771 Minore
280 729 412 771 etiam
450 729 544 771 iure
585 728 765 771 haereas
802 729 847 770 in
887 729 1012 771 Libr.
1053 729 1110 772 V.
1150 745 1194 785 p.
1236 730 1332 772 727.
1371 730 1428 771 A.

65 789 173 841 τιμᾲ
210 786 245 828 (5
287 785 346 835 ὡς
386 789 491 836 ἔπος
530 790 667 828 εἰπεῖν
707 786 833 837 imm
863 787 1010 834 οὐδεὶς
1039 786 1221 840 dysme,
1250 800 1317 832 sc.
1350 801 1431 837 την

66 841 231 899 ψυχήν,
262 848 306 884 et
339 842 396 884 V.
431 859 472 899 p.
506 843 604 884 728.
636 842 689 884 Β.
723 845 818 888 732.
849 844 904 885 A.
936 842 1043 887 VII.
1074 859 1116 899 p.
1150 844 1246 884 797.
1270 845 1325 887 A.
1346 842 1427 884 VI.

0 951 1 954 Ἴ
62 915 106 955 p.
149 901 244 942 773.
278 900 336 941 D.
367 899 426 949 ὡς
462 903 566 949 ἔπος
595 905 733 942 εἰπεῖν
778 902 970 950 δυνατός
1001 900 1159 950 ιη’νὸεῐς,
1190 898 1428 942 dummodo

0 971 2 974 ’
61 957 287 999 formulam
326 955 559 1011 loquendi:
601 955 659 1002 ὡς
699 960 803 1008 ἔπος
843 963 1003 1012 εἰπεῖν,
1055 963 1175 999 recte
1214 957 1429 1013 interpre-

62 1013 180 1055 teris.
246 1013 384 1056 Porro
425 1014 550 1058 Libr.
589 1013 696 1056 VII.
732 1031 775 1071 p.
815 1015 913 1058 814.
943 1014 996 1057 B.
1027 1014 1219 1071 graviter
1249 1013 1428 1069 quidem

27 1092 31 1094 ·
63 1070 228 1112 dictum
267 1077 337 1113 est
374 1086 456 1113 nec
495 1078 643 1114 tamen
686 1072 856 1128 inepte:
917 1074 1055 1125 δόξαν
1107 1074 1187 1113 τοῦ
1227 1077 1316 1113 των
1356 1071 1427 1114 ἀν-

66 1127 265 1181 θρώπων
303 1135 461 1182 γένους
491 1138 697 1184 καταχεῖν
728 1146 767 1170 κ.
797 1146 834 1171 τ.
866 1132 903 1170 λ.
935 1128 1010 1170 ubi
1050 1127 1138 1170 vid.
1170 1144 1270 1170 ann.
1330 1128 1428 1171 Nec

63 1184 287 1239 videmus,
337 1184 444 1240 quid
483 1184 660 1241 ineptae
699 1186 1011 1243 superlationis
1050 1186 1156 1227 insit
1195 1186 1241 1227 in
1282 1186 1427 1227 verbis

68 1241 190 1284 Libr.
210 1241 273 1283 II.
305 1257 347 1298 p.
380 1243 478 1283 665.
510 1240 548 1283 C
600 1241 698 1284 ὥστ’
731 1246 979 1295 απληστιάν
1011 1243 1125 1285 εἶναι
1148 1268 1189 1274 -
1213 1245 1286 1285 καὶ
1326 1249 1428 1295 rmu-

62 1298 167 1350 ψὴν,
207 1298 334 1340 cuius
374 1297 460 1341 loci
499 1298 918 1356 interpretationem
943 1299 1144 1342 videmur
1174 1299 1428 1343 exhibuisse

62 1354 179 1397 omni
209 1354 474 1398 difficultate
505 1356 711 1410 liberam,
745 1364 821 1399 aut
853 1356 974 1399 Libr.
1007 1356 1138 1398 VIII.
1169 1373 1211 1413 p.
1244 1358 1342 1399 829.
1375 1356 1428 1400 C.

62 1411 120 1454 D.
142 1412 217 1454 ubi
255 1412 449 1454 virorum
469 1413 644 1455 fortium
667 1415 875 1468 carmina,
897 1415 1067 1456 etiamsi
1088 1415 1229 1456 minus
1262 1414 1429 1456 fuerint

62 1468 322 1521 laudabilia,
365 1476 510 1512 tamen
550 1471 726 1526 publice
769 1472 997 1514 recitanda
1038 1487 1132 1514 esse
1163 1470 1426 1514 iudicantur.

62 1525 354 1569 Proverbialis
385 1542 516 1582 porro
546 1527 817 1583 loquutionis
855 1544 960 1572 usus
998 1530 1193 1571 cernitur
1229 1530 1273 1570 in
1305 1529 1427 1573 Libr.

63 1582 146 1624 IV.
181 1599 223 1639 p.
263 1585 356 1626 707.
395 1586 452 1626 Α.
521 1586 696 1635 λέοντες
733 1584 791 1628 ἄν
822 1586 1018 1643 ἐλάφους
1049 1591 1290 1628 ἐθισθεῖεν
1322 1587 1426 1642 φεύ-

62 1656 181 1695 γει-ι’,
220 1655 365 1695 neque
403 1646 522 1683 caret
563 1641 623 1684 ibi
665 1642 905 1699 hyperbole
936 1643 979 1684 vi
1011 1658 1090 1686 sua
1121 1649 1164 1685 et
1194 1643 1425 1698 gravitate.

62 1694 179 1739 Vere
209 1697 312 1739 item
342 1704 548 1753 recteque
579 1699 784 1742 dicuntur
814 1701 890 1742 illa
908 1700 1033 1743 Libr.
1066 1700 1148 1743 IV.
1189 1717 1230 1757 p.
1256 1702 1353 1746 708.
1376 1702 1426 1743 Ε.

64 1753 208 1803 οὐδείς
257 1771 364 1797 ποτε
423 1755 683 1811 ἀνθρώπων
732 1759 860 1800 οὐδὲν
901 1762 1171 1811 νομοθετεῖ,
1212 1758 1339 1813 τύχαι
1381 1762 1428 1801 δὲ

64 1812 138 1852 καὶ
177 1811 431 1868 ξυμφοραί,
465 1829 502 1854 κ.
535 1829 572 1855 τ.
599 1816 637 1856 λ.
670 1814 799 1857 modo
831 1814 1073 1857 orationem
1105 1815 1427 1858 meminerimus

63 1881 161 1908 esse
200 1867 504 1922 emphaticam.
595 1870 661 1912 De
707 1871 805 1914 loco
849 1873 973 1914 Libr.
1005 1872 1136 1914 VIII.
1167 1887 1209 1926 p.
1241 1875 1338 1914 834.
1374 1874 1424 1914 B.

65 1922 169 1977 quid
211 1925 543 1966 existimandum
583 1927 655 1980 sit,
688 1929 961 1970 ostendimus
992 1929 1039 1969 in
1071 1928 1426 1983 Commentariis,

64 1979 139 2022 ubi
186 1995 283 2022 eum
321 1981 470 2023 critice
502 1983 820 2026 emendandum
860 2000 955 2027 esse
987 1984 1228 2027 docuimus.
1289 1986 1429 2028 Deni-

64 2051 148 2090 que
193 2052 275 2080 nec
315 2038 624 2082 inurbanitatis
678 2048 754 2082 aut
791 2042 975 2084 tumoris
1026 2056 1115 2083 rem
1160 2057 1295 2097 supra
1334 2059 1428 2086 mo—

65 2093 166 2135 dum
208 2096 410 2150 augentis
447 2095 600 2138 vitium
644 2099 924 2155 agnoscimus
965 2099 1009 2140 in
1051 2099 1173 2141 Libr.
1205 2100 1352 2151 QVHI.
1385 2117 1427 2156 p.

65 2150 161 2192 838.
191 2151 244 2192 E.
276 2166 373 2207 sqq.
405 2158 450 2194 et
480 2153 578 2195 839.
617 2153 669 2196 Β.
701 2155 916 2211 siquidem
946 2156 1009 2198 ibi
1039 2156 1235 2213 vulgaris
1266 2157 1427 2200 lubidi-

64 2207 132 2249 nis
174 2208 404 2265 turpitudo
444 2223 659 2266 generosa
697 2227 798 2255 cum
842 2213 1143 2270 indignatione
1174 2220 1354 2256 notatur
1383 2221 1428 2257 et

65 2265 334 2331 exagitatur,
377 2265 431 2307 de
475 2280 562 2320 qua
600 2283 644 2311 re
684 2269 787 2312 item
827 2270 953 2327 plura
984 2270 1179 2312 dicemus
1211 2272 1257 2313 in
1294 2272 1426 2315 Com-

65 2328 300 2366 mentm-ns,

175 2434 298 2500 {laec
338 2437 473 2494 igitur
511 2445 614 2480 sunt
662 2439 776 2493 tere,
828 2441 943 2483 unde
995 2443 1173 2486 criticus
1211 2441 1425 2497 [acutissi-

30 2542 33 2544 Δ
65 2503 158 2555 mus
186 2499 360 2548 ineptae
391 2496 703 2551 superlationis
735 2504 779 2538 et
797 2500 1052 2542 temerariae
1073 2498 1425 2556 exaggerationis

65 2561 252 2611 crimen,
304 2550 348 2599 in
398 2553 658 2608 scriptorem
708 2554 978 2610 coniectum,
1027 2558 1217 2614 repetiit.
1288 2554 1426 2611 ²Quae

66 2603 238 2657 quldem
279 2608 424 2650 omnia.
459 2616 612 2652 nostro
645 2610 810 2653 iudicio
841 2618 927 2654 tam
958 2614 1130 2656 facilem
1163 2613 1327 2655 habent
1355 2613 1426 2655 vel

66 2661 387 2706 excusationem
430 2667 496 2708 vel
542 2667 863 2721 defensionem,
905 2677 952 2712 ut
994 2671 1245 2725 nentiquam
1289 2685 1341 2712 ex
1372 2671 1425 2714 iis
