1644 2886
252 124 342 166 LII
690 119 1164 164 PROLEGOMENA

252 241 363 281 inter
390 238 522 279 libros
552 235 749 278 Platonis
777 232 952 287 quidam
981 231 1035 274 ab
1063 236 1241 273 auctore
1270 229 1461 272 inchoati
1490 235 1583 271 tan-

253 301 345 336 tum
385 306 524 347 neque
554 288 762 342 absoluti,
793 294 842 329 ut
871 302 958 329 non
989 287 1076 329 sint
1103 286 1295 327 ultimam
1326 285 1504 327 artificis
1534 285 1585 325 li-

254 365 366 392 mam
395 347 562 403 experti
592 359 732 398 neque
761 357 1073 398 usquequaque
1101 341 1316 398 perpoliti,
1350 355 1457 395 quos
1489 341 1585 394 qui-

255 405 352 446 dem
392 401 632 445 mirandum
670 405 785 442 certe
815 414 904 441 non
935 405 1003 440 est
1030 398 1132 439 item
1160 397 1418 452 singularem
1449 411 1584 450 quan-

255 459 352 501 dam
391 456 574 499 subinde
614 455 843 497 ostendere
885 454 1092 496 orationis
1129 454 1313 507 speciem
1340 458 1471 506 atque
1499 453 1585 493 {or-

255 530 376 555 mam.
441 513 565 554 Haec
603 512 738 567 igitur
776 526 871 563 eos,
911 510 985 564 qui
1025 509 1078 550 de
1117 508 1310 550 Platonis
1341 508 1586 550 elocutione

254 584 304 611 ac
343 567 544 617 dicendi«
586 582 710 608 enere
750 566 986 622 prudenter
1022 564 1229 605 iudicium
1266 564 1407 604 facere
1437 564 1584 615 velint,

254 639 505 679 sanequam*
525 583 672 664 &gnere
703 628 894 678 oportet,
926 619 1273 675 quandoquidem
1305 619 1495 673 alioquin
1524 619 1586 659 fa-

254 680 409 721 cillime
439 679 610 721 evenire
638 684 799 733 potest,
830 683 880 721 ut
908 676 1102 731 quamvis
1132 675 1272 716 omnia
1291 675 1456 715 rimeris
1487 674 1586 715 sub-

255 736 467 788 tilissime,
499 740 641 776 tamen
672 734 724 776 de
754 749 918 776 summa
954 747 999 773 re
1030 731 1217 784 denique
1248 731 1291 772 in
1321 730 1514 771 fraudem
1545 735 1589 770 et

256 806 441 833 errorem
470 789 701 831 inducaris.
759 791 906 843 Atque
944 787 1058 829 idem
1087 786 1195 828 illud
1223 786 1278 827 im
1314 786 1429 827 rimis
1458 785 1588 826 etiam

255 849 300 888 in
330 845 564 888 iudicanda
605 846 798 887 oratione
840 844 1034 900 Legibus
1062 842 1238 898 propria
1267 802 1494 895 diligenter
1524 847 1590 882 est

258 901 589 954 observandum,
621 903 742 943 cuius
774 901 910 942 omnis
942 898 1109 940 indoles
1129 906 1258 952 atque
1285 898 1394 939 ratio
1425 897 1486 938 ita
1516 896 1588 937 de-

257 973 369 999 mum
406 957 534 1012 plane
574 957 855 1012 perspicitur,
895 955 931 997 si
969 955 1077 996 bene
1116 953 1455 1005 meminerimus,
1495 966 1589 994 esse

258 1029 347 1055 eam
377 1019 467 1054 tum
498 1014 639 1068 operis
670 1012 873 1059 materiae
903 1017 946 1052 et
973 1016 1226 1066 argumento
1256 1015 1347 1049 tum
1368 1008 1589 1063 scriptoris

258 1069 448 1111 consiliis
478 1075 521 1109 et
551 1070 684 1110 aetati
726 1068 851 1124 plane
882 1072 1223 1108 consentaneam.
1286 1065 1352 1106 De
1381 1079 1467 1118 qua
1496 1064 1589 1117 qui-

258 1125 354 1166 dem
384 1139 429 1166 re
460 1125 648 1166 breviter
677 1123 928 1179 exposuisse
957 1121 1135 1163 iuvabit.

373 1213 429 1255 Et
476 1211 583 1254 illud
623 1211 793 1266 quidem
835 1210 1009 1252 omnino
1053 1207 1276 1250 fatendum
1325 1213 1413 1259 est,
1458 1205 1593 1262 prima

258 1270 410 1312 saltem
449 1268 592 1324 specie
634 1267 740 1308 nihil
781 1280 876 1308 esse
914 1266 1027 1307 inter
1066 1279 1111 1306 se
1153 1262 1422 1315 dissimilius,
1464 1276 1592 1315 quam

258 1326 486 1377 librorum,
522 1324 597 1378 qui
635 1329 737 1365 sunt
766 1322 820 1364 de
851 1321 1059 1377 Legibus,
1093 1326 1136 1361 et
1177 1325 1417 1361 ceterorum
1446 1318 1592 1359 Plato-

259 1381 327 1422 nis
369 1395 612 1423 sermonum
645 1379 895 1431 orationem,
927 1382 978 1418 ut
1007 1376 1205 1431 proiecto
1235 1374 1405 1416 minime
1437 1374 1593 1414 miran-

259 1436 361 1477 dum
387 1436 466 1489 sit,
498 1434 615 1490 quod
645 1434 751 1476 haec
779 1434 874 1489 ipsa
903 1447 972 1474 res
1002 1432 1168 1487 magnis
1200 1430 1430 1483 multisque
1461 1427 1512 1469 de
1543 1428 1593 1469 il-

258 1492 397 1533 lorum
456 1496 553 1532 ortu
617 1496 659 1531 et
726 1489 982 1531 auctoritate
1048 1486 1391 1529 dubitationibus
1450 1499 1594 1526 ansam

259 1546 469 1602 praebuit.
529 1545 820 1587 Nihilominus
858 1550 1001 1586 autem
1039 1550 1153 1584 recte
1183 1542 1379 1583 videmur
1406 1546 1594 1582 statuere

259 1609 302 1644 et
332 1617 595 1654 asseverare,
628 1616 723 1644 esse
754 1601 880 1644 istam
902 1599 1139 1642 orationem
1169 1598 1293 1653 plane
1312 1597 1594 1649 Platonicam,

260 1664 387 1713 atque
427 1658 488 1699 ita
529 1663 841 1711 comparatam,
882 1662 931 1698 ut
967 1655 1104 1698 omnis
1148 1654 1239 1695 eius
1269 1652 1434 1694 indoles
1465 1658 1595 1706 atque

261 1714 396 1755 virtus
428 1728 480 1755 ex
509 1713 699 1755 universi
730 1713 871 1768 operis
904 1715 1173 1765 argumento,
1207 1708 1403 1761 consilio,
1436 1713 1594 1760 aetate,

259 1769 435 1826 fortuna
473 1768 657 1823 denique
694 1767 903 1810 declarari
941 1774 1084 1822 queat.
1153 1766 1222 1807 De
1278 1779 1363 1819 qua
1411 1778 1457 1804 re
1508 1779 1595 1805 non

261 1831 348 1866 tam
388 1824 563 1880 copiose
604 1823 827 1878 disputare
859 1838 986 1878 quam
1016 1822 1205 1864 breviter
1235 1820 1464 1862 admonere
1494 1834 1596 1860 con-

263 1880 423 1922 sultum
454 1879 675 1932 duximus,
716 1877 1064 1933 quandoquidem
1104 1892 1191 1918 rem
1220 1876 1357 1932 ipsam
1395 1881 1598 1930 putamus

261 1936 388 1977 etiam
422 1936 514 1976 sine
548 1934 710 1976 diserta
749 1939 1096 1990 argumentorum
1128 1932 1394 1988 expositione
1422 1931 1597 1972 audien-

260 1993 364 2033 tiam
395 1991 478 2033 sibi
517 2005 612 2033 esse
655 1991 879 2032 facturam.
937 1988 1051 2033 Sunt
1086 1995 1231 2030 autem
1274 1988 1382 2029 haec
1419 1986 1595 2051 potissi-

262 2063 391 2147 ωιέῳ,
422 2046 537 2088 unde
569 2045 673 2101 quid
703 2047 763 2087 rei
785 2045 855 2099 sit,
886 2044 1071 2101 intelligi
1100 2051 1230 2099 atque
1257 2042 1439 2085 iudicam
1469 2057 1596 2098 posse

263 2117 308 2143 ar
340 2112 530 2144 ltramur.

375 2179 546 2220 Etenim
584 2179 767 2234 primum
799 2177 973 2232 quidem
1003 2178 1140 2219 omnis
1167 2177 1256 2219 fere
1283 2176 1434 2218 horum
1464 2176 1595 2218 libro-

261 2248 353 2277 rum
403 2234 638 2290 disputatio
689 2235 734 2274 in
791 2233 1066 2288 exquirendis
1113 2232 1420 2286 tradendisque
1466 2233 1594 2273 rebus

261 2290 462 2332 civilibus
505 2296 635 2344 atque
666 2290 835 2345 legibus
866 2288 1105 2331 scribendis
1134 2297 1354 2339 versatur,
1385 2287 1596 2341 siquidem

261 2346 562 2402 philosophus,
594 2346 765 2400 depicta
799 2346 986 2399 optimae
1017 2350 1060 2386 et
1087 2344 1132 2384 in
1162 2358 1208 2385 se
1239 2343 1461 2385 absolutae
1491 2342 1595 2383 civi-

260 2401 363 2443 tatis
393 2401 595 2458 imagine,
641 2402 867 2443 descendit
896 2401 951 2443 ad
979 2399 1292 2441 informandam
1315 2413 1406 2440 eam
1426 2412 1595 2453 rempu-

259 2457 429 2510 blicam,
461 2472 570 2511 quae
600 2463 715 2499 esset
745 2457 920 2512 quidem
947 2462 991 2499 et
1017 2456 1112 2512 ipsa
1140 2455 1316 2510 optima,
1348 2452 1424 2495 sed
1452 2458 1594 2494 tamen

261 2527 312 2554 ea
348 2512 594 2555 conditione
634 2512 817 2568 optima,
848 2523 897 2554 ut
924 2527 1011 2554 non
1037 2510 1259 2553 videretur
1287 2524 1313 2551 a
1341 2510 1455 2551 vitae
1484 2509 1595 2550 veri·

260 2573 348 2609 tate
379 2568 570 2611 alienior.
627 2567 846 2621 Quocirca
874 2568 957 2610 hoc
985 2567 1154 2609 nomine
1181 2566 1264 2623 ipsi
1294 2564 1467 2607 omnino
1486 2579 1595 2619 opus

260 2623 342 2664 fuit
382 2639 432 2664 eo
464 2639 680 2676 sermone,
726 2625 798 2678 qui
838 2624 980 2679 legum
1011 2622 1161 2665 lationi
1191 2628 1305 2666 esset
1335 2620 1595 2663 conveniens
