1644 2886
135 117 216 160 DE
249 111 523 158 LEGIBUS
557 110 672 154 12113.
704 108 784 152 VI.
818 107 865 151 P.
898 108 991 151 764.
1024 107 1103 148 ‘165
1134 104 1199 148 St.
1289 102 1366 145 161

26 238 112 281 δῶν
157 238 230 278 καὶ
275 233 545 290 κιθαρῳδῶν
592 233 665 274 καὶ
699 227 904 281 αὐλητῶν
951 228 1024 269 καὶ
1067 224 1248 268 πάντων
1282 222 1372 265 τῶν

27 302 264 352 τοιούτων,
299 299 570 350 ἀθλοθέτας
606 293 820 359 [ἑτέρους]
858 299 1026 350 πρέπον
1057 289 1115 336 ἂν
1151 291 1214 344 ε’ίη
1235 293 1371 346 γίγνε-

26 374 156 421 σθαι,
191 371 279 412 τῶν
310 370 354 411 δὲ
392 370 488 422 περὶ
519 369 740 424 χορῳϋίαν
758 361 935 412 ἄλλους.
974 362 1153 419 πρῶτον
1186 356 1240 411 δὴ
1275 359 1372 412 περὶ

28 437 112 492 τὴν
160 438 248 479 τῶν
277 436 424 491 χορῶν
466 431 650 477 παιδιὰν
691 433 860 475 παίδων
907 445 952 472 τε
980 431 1053 472 καὶ
1087 427 1265 485 ἀνδρῶν
1301 427 1374 468 καὶ

29 505 226 558 θηλειῶν
269 503 412 558 κορῶν
445 507 492 544 ἐν
540 499 744 557 ὀρχήσεσι
779 501 852 542 καὶ
888 498 939 558 τῇ
982 496 1101 548 τάξει
1134 497 1185 555 τῇ
1220 492 1374 554 ἁπάσῃ

28 576 261 630 γιγνομένῃ
318 571 501 630 μουσικῇ
557 569 662 619 τοὺς
726 566 950 622 ἄρχοντας
1004 566 1236 618 αἱρεῖσθαί
1288 577 1375 604 που

28 638 187 697 χρεών·
222 635 374 687 ἱκανὸς
408 638 454 679 δὲ
489 634 550 686 εἷς
583 633 732 691 ἄρχων
769 632 936 685 αὐτοῖς,
972 631 1031 684 μὴ
1059 633 1246 673 ἔλαττον
1282 645 1374 672 τετ-

32 705 284 764 ταράκοντα
321 702 512 759 γεγονώς
551 705 674 746 ἑτῶν.
719 701 870 751 ἱκανὸς
905 701 950 742 δὲ
986 700 1057 742 καὶ
1096 699 1194 753 περὶ
1228 714 1372 753 μονῳ-

122 859 163 893 Ε.
216 856 464 905 ἀθλοθέτας
487 857 689 901 ἑτέρους]
726 857 764 889 V.
792 865 903 888 enarr.
1056 899 1058 902 .
1295 896 1302 904 ·

123 905 198 949 τὴν
233 906 311 937 τῶν
344 906 484 947 χορῶν
514 906 572 948 π.]
606 904 673 936 τῶν
701 914 743 936 ex
776 903 855 935 Par.
890 908 928 932 Α.
962 903 997 932 et
1036 899 1134 930 ioss.
1160 908 1192 930 x.
1223 895 1375 929 additum

35 954 135 996 vuigo
159 953 289 985 uberat.
340 952 425 984 Dein
452 951 551 983 Voss.
581 950 617 983 ἑν
643 947 807 996 ὀρχήσὲοί
828 959 865 980 τε
891 946 944 979 καὶ
969 945 1008 987 τῇ
1034 956 1058 976 τ.

126 998 360 1041 αἱρεῖσθαί
384 1007 467 1029 που
491 997 576 1039 χρ.]
610 1008 679 1029 που
706 998 808 1029 abest
832 994 874 1027 ab
903 993 978 1026 ΑΜ.
1003 991 1135 1044 Ιιοιίηιι.
1161 988 1262 1021 Bass.
1287 988 1318 1022 1.
1343 988 1376 1022 2.

34 1051 70 1080 et
93 1045 171 1078 cod.
199 1045 280 1078 Ven.
308 1044 346 1078 Ξ.
395 1044 485 1077 Dein
513 1054 575 1087 pro
604 1040 724 1076 ἱκανὸς
752 1040 789 1074 Ω.
816 1041 842 1073 f.
863 1051 889 1072 r.
917 1038 947 1071 δ.
975 1037 1111 1070 [navens.

38 1158 85 1191 H.
113 1168 143 1190 e.
170 1153 318 1199 ἀγωνίας
350 1155 386 1187 δὲ
417 1153 630 1198 ἄρχοντας
657 1154 675 1188 ὁ

38 1202 148 1244 νόμος
180 1202 342 1244 βούλεται
381 1201 490 1244 λέγειν
520 1198 675 1235 ἀθλοθέ-

40 1258 99 1282 τας
122 1245 286 1291 ἀθληταῖς
310 1248 346 1280 ἔν
371 1259 405 1280 τε
421 1253 597 1291 γυμνικοῖς
621 1249 675 1281 καὶ

41 1296 116 1338 περὶ
140 1293 320 1337 μουσικήν.
372 1295 469 1327 Haec
484 1296 568 1329 enim
595 1306 675 1328 vera

42 1343 221 1375 verborum
263 1340 349 1373 ratio
387 1345 458 1376 est.
502 1352 567 1383 qua
609 1351 674 1374 non

41 1393 222 1432 perspecta
257 1386 403 1419 Astius
437 1383 585 1429 ἀγωνίας
615 1389 676 1421 nb-

39 1435 153 1467 solute
192 1433 338 1475 positum
378 1443 456 1466 esse
486 1435 675 1467 arbitraba-

40 1485 107 1513 tur.
132 1475 386 1511 Ἀθλοθέται
410 1484 504 1515 sunt:
541 1487 679 1513 certa-

42 1526 166 1560 mini·
200 1525 432 1568 praefecti,
465 1531 502 1558 ut
527 1527 619 1559 Vin.
646 1537 679 1569 p.

43 1571 123 1608 835.
150 1572 196 1604 A.
221 1571 284 1604 XI.
311 1582 342 1614 p.
368 1571 449 1606 935.
476 1571 515 1604 E.
541 1573 619 1607 ΧΙΙ.
647 1584 679 1615 p.

43 1618 121 1654 955.
153 1620 189 1650 Α.
219 1618 262 1650 cf.
289 1618 444 1650 Pollux
469 1618 595 1652 Onom.
623 1620 680 1653 ΙΙΙ.

41 1666 107 1705 30,
140 1664 218 1699 145.
268 1659 476 1706 Ἀθληταί
510 1674 595 1698 vero
630 1665 679 1698 di-

14 1714 165 1744 -cuntur
201 1710 325 1743 latiore
364 1721 489 1751 sensu,
528 1712 583 1753 qni
615 1722 681 1744 non

27 1756 147 1790 ‘modo
172 1756 204 1789 in
230 1757 410 1800 gymniciS,
437 1767 552 1797 verum
579 1759 680 1791 etiam

43 1804 77 1836 in
114 1803 253 1835 musicis
301 1806 476 1835 certamen
523 1804 681 1837 subeunt.

42 1846 269 1881 Transfertur
305 1849 393 1880 enim
424 1849 493 1881 hoc
529 1850 682 1882 vocabu-

46 1895 115 1927 lum
142 1894 184 1926 ad
215 1893 395 1935 quodlibet
427 1895 625 1928 certaminis
649 1900 686 1928 et

48 1938 153 1972 studii
185 1949 314 1982 genus,
346 1946 384 1971 ut
414 1940 471 1973 De
501 1940 589 1983 Rep.
614 1941 683 1973 ΙΙΙ.

49 1998 82 2029 p.
108 1984 188 2021 403.
216 1984 266 2017 E:
299 1981 444 2027 ἀθληταὶ
467 2005 510 2010 —
537 1987 600 2018 τοῦ
630 1997 684 2026 με·

50 2033 170 2075 γίσιου
195 2028 341 2073 ἀγῶνος,
366 2042 434 2073 quo
449 2034 587 2066 nomine
613 2032 686 2075 phi-

48 2077 182 2121 losophi
211 2078 438 2118 insigniuntur
467 2079 568 2112 etiam
595 2078 686 2122 opud

50 2123 100 2158 Μ.
126 2123 330 2157 Antonin.
359 2134 390 2166 p.
419 2124 473 2160 70.

98 2193 198 2234 περὶ
233 2187 427 2234 ἀγωνίαν
453 2189 488 2225 δ’
513 2191 690 2236 ἄλλους]

52 2238 101 2272 Η.
137 2249 168 2272 e.
207 2238 282 2282 περὶ
318 2236 358 2271 τὰ
398 2239 554 2282 γυμνικά.
614 2241 691 2273 ΑΙίῡ

53 2285 140 2328 enim
174 2294 264 2318 nunc
295 2285 490 2328 significatu
520 2286 691 2329 accipien-

53 2329 133 2364 dum
173 2331 375 2364 vocabulum
410 2336 465 2365 est
498 2336 601 2374 atque
633 2342 692 2365 nn-

55 2382 124 2410 τοι.
178 2376 343 2411 Fortasse
376 2379 576 2421 legendum:
618 2380 694 2420 περὶ

58 2418 192 2463 ἆγῶνας
215 2420 249 2455 δ’
274 2421 407 2458 ἄλλους.

105 2486 390 2537 ἀγωνιστικῆς
420 2493 492 2534 μὲν
526 2488 602 2526 οὖν
625 2490 690 2526 ἀν-

59 2535 251 2578 θρώπων
289 2541 357 2572 καὶ
388 2540 546 2583 ἵππων]
589 2540 691 2573 Conf.

61 2593 94 2624 p.
118 2581 195 2617 765.
223 2583 262 2615 C.

106 2629 326 2670 μουσικῆς
365 2629 407 2662 δὲ
440 2631 618 2674 ἑτέρους
654 2650 690 2655 ——-

64 2669 322 2707 ἇθλοθέιας
356 2675 555 2721 ἑτέρους]
596 2677 694 2711 istud

65 2717 204 2760 ἑτέρους
248 2725 329 2763 post
367 2718 581 2760 ἀθλοθέτας,
631 2725 695 2756 nisi

108 2776 194 2809 Plat.
219 2775 308 2819 Opp.
334 2779 412 2811 Vol.
437 2779 480 2813 X.
506 2781 595 2813 Sect.
622 2781 664 2814 11⁴

745 1166 804 1199 per
836 1156 971 1197 gratam
1011 1149 1182 1192 quandam
1216 1149 1381 1182 orationis

744 1198 984 1243 negligentiam
1012 1197 1128 1229 iterari
1153 1195 1382 1235 existimetur,

743 1252 837 1280 certe
853 1246 946 1278 furca
963 1242 1206 1285 expellendum
1233 1242 1309 1275 erit.
1336 1241 1382 1274 Et

744 1294 881 1326 videtur
911 1300 994 1323 sane
1024 1299 1086 1331 per
1120 1298 1273 1322 errorem
1304 1298 1382 1321 ver·

744 1341 796 1372 bis
830 1337 985 1372 Platonis
1017 1335 1258 1377 interpositum
1291 1345 1383 1367 esse.

745 1386 883 1428 Quippe
908 1382 1119 1424 adscriptum
1146 1381 1224 1422 suit,
1251 1381 1384 1423 opinor,

746 1433 904 1476 proximo
929 1428 1070 1465 ἄλλους,
1103 1432 1142 1460 ut
1172 1428 1383 1470 significare-

747 1485 823 1519 tur,
856 1476 948 1510 istud
981 1476 1090 1518 ipsum
1117 1476 1183 1507 iam
1213 1478 1293 1516 post
1316 1473 1385 1506 ἑτέ-

749 1533 832 1568 ρους
856 1522 916 1563 μὲν
942 1532 1003 1565 pro
1019 1521 1158 1563 ἑτέρους
1182 1521 1311 1557 inferri,
1333 1526 1386 1553 at-

748 1582 814 1614 que
838 1569 961 1603 deinde
986 1568 1099 1601 aiieno
1126 1569 1202 1600 loco
1229 1567 1385 1609 interpo-

749 1620 853 1650 situm
875 1626 965 1648 esse.
1014 1614 1177 1647 Ceterum
1205 1612 1248 1646 de
1273 1612 1389 1655 ἔτερος

751 1670 786 1697 et
813 1661 910 1695 ἄλλος
931 1662 978 1693 ita
1003 1660 1189 1693 coniuncto
1206 1670 1236 1692 ν.
1252 1660 1294 1692 ad
1315 1660 1386 1693 Po-

752 1712 831 1745 iitic.
858 1721 890 1752 p.
916 1708 995 1743 262.
1021 1708 1067 1740 A.
1096 1706 1181 1739 Phil.
1211 1717 1244 1748 p.
1269 1706 1324 1742 57.
1347 1710 1385 1739 A.

797 1778 893 1820 περὶ
920 1775 1140 1820 μονῳδίαν
1174 1787 1214 1808 τε
1238 1776 1309 1808 καὶ
1332 1787 1388 1816 μι-

751 1821 949 1868 μητικὴν]
986 1821 1167 1866 Μονῳδιάι
1192 1827 1272 1855 sunt
1297 1833 1388 1854 can-

752 1877 824 1904 tus
858 1882 885 1902 s.
921 1870 1116 1906 cantica,
1147 1878 1237 1910 quae
1267 1879 1286 1901 a
1318 1869 1389 1900 sin-

751 1918 841 1959 guiis
866 1916 939 1948 sine
954 1914 1058 1947 choro
1074 1918 1255 1947 canuntur.
1284 1913 1389 1947 Pho-

751 1964 840 1996 tius
865 1973 898 2004 p.
924 1960 1003 1996 274.
1029 1959 1223 2003 μονῳδία
1251 1960 1390 2003 λέγεται,

755 2006 837 2041 ὅταν
870 2004 919 2040 εἷς
950 2005 1060 2047 μόνος
1089 2006 1167 2049 λέγῃ
1202 2004 1264 2048 τὴν
1296 2004 1391 2051 φ’δὴν

755 2056 809 2088 καὶ
848 2051 912 2095 οὐχ
948 2050 1038 2094 ὁμοῦ
1075 2050 1093 2085 ὁ
1133 2050 1249 2096 χορός.
1298 2053 1389 2086 conf.

755 2102 858 2135 etiam
886 2100 1049 2133 suidas
1080 2105 1115 2133 et
1148 2099 1391 2142 Hesychius

755 2159 782 2183 s.
810 2158 840 2179 v.
869 2144 1035 2190 μονῳδεῖν
1059 2150 1095 2178 et
1114 2144 1276 2190 μονῳδία.
1297 2145 1391 2180 >Cum

757 2192 910 2236 μονωδίᾳ
945 2194 1096 2236 iungitur
1131 2191 1304 2236 μιμητική,
1348 2193 1395 2225 si-

1400 222 1439 265 E

1405 713 1484 754 765

758 2241 895 2282 quidem
917 2238 1090 2282 themodi,
1117 2238 1314 2280 histriones,
1340 2240 1397 2273 aiii
1436 2262 1442 2272 .

759 2286 925 2327 artifices,
961 2290 996 2318 et
1025 2295 1108 2318 vero
1135 2286 1237 2319 etiam
1263 2287 1397 2325 musici,

760 2338 871 2366 artem
896 2331 1063 2373 factitant,
1092 2342 1182 2373 quae
1206 2332 1395 2365 secundum

763 2380 944 2412 Platonem
1003 2379 1152 2412 maxime
1204 2379 1398 2412 imitatione

761 2426 966 2458 continetur.

807 2492 847 2525 E.
904 2492 1079 2535 πρῶτον
1118 2491 1167 2534 δὴ
1199 2493 1292 2534 περὶ
1329 2490 1399 2534 τήν

763 2539 842 2572 τῶν
866 2539 1008 2581 χορῶν
1032 2540 1092 2582 —]
1120 2539 1158 2572 in
1185 2539 1396 2572 saltatio-

762 2586 889 2618 nibus
922 2589 1056 2629 atque
1088 2585 1305 2618 universo
1332 2595 1396 2618 or·

764 2631 861 2664 dine
885 2632 1068 2670 musico;
1093 2631 1159 2664 bei
1184 2632 1396 2666 iedermu·

764 2677 945 2710 sischen
962 2677 1168 2719 ordnung
1189 2678 1272 2712 und
1289 2678 1398 2712 Stei-

766 2725 876 2764 iung.

1091 2783 1138 2824 11
