1644 2886
242 91 325 134 DE
359 89 637 134 LEGIBUS
669 90 789 132 LIB.
823 88 902 131 VI.
935 89 982 130 P.
1014 90 1108 146 771..
1142 86 1206 131 St.
1329 87 1408 128 185

55 207 189 270 ρούσῃ
220 207 348 270 φήμῃ
385 211 458 252 καὶ
494 207 612 263 λόγῳ
649 211 860 263 νείμωμέν
894 223 940 250 τε
975 203 1165 257 ταύτην,
1203 208 1275 248 καὶ
1309 203 1408 247 ἑκά·

52 291 134 337 στῃ
169 279 306 332 μοίρᾳ
342 274 462 319 θεὸν
497 273 523 327 ἢ
560 276 685 319 θεῶν
731 277 869 318 παῖδα
907 275 1272 333 ἐπιφημίσαντες,
1315 273 1410 327 βω-

51 344 164 399 μούς
200 360 246 386 τε
281 346 355 386 καὶ
390 345 446 386 τὰ
486 342 662 392 τούτοις
693 340 972 398 προςήκοντα
1008 338 1259 389 ἀποδόντες
1270 371 1284 392 ,
1320 341 1412 381 θυ-

53 412 161 454 σιῶν
205 415 304 464 πέρι
351 409 564 462 ξυνόδους
609 408 679 452 ἐπ’
729 407 884 458 αὐτοῖς
930 406 1172 462 ποιώμεθα
1209 405 1290 450 δύο
1332 407 1411 450 τοῦ

53 477 215 533 μηνός,
261 475 430 520 δώδεκα
477 479 558 533 μὲν
609 477 660 536 τῇ
696 477 777 528 τῆς
811 477 957 534 φυλῆς
989 475 1202 533 διανομῇ,
1247 472 1412 516 δώδεκα

55 547 100 588 δὲ
137 542 260 599 αὐτῷ
307 538 369 598 τῷ
413 545 492 596 τῆς
537 542 703 593 πόλεως
741 543 1039 597 διαμερισμῷ,
1087 543 1210 584 θεῶν
1244 543 1326 596 μὲν
1362 539 1412 591 δὴ

53 613 231 668 πρῶτον
262 611 448 667 χάριτος
485 615 610 653 ἕνεκα
646 612 718 652 καὶ
757 611 846 652 τῶν
881 611 979 664 περὶ
1015 607 1171 659 θεούς,
1207 606 1415 662 δεύτερον

56 681 102 722 δὲ
148 675 275 733 ἡμῶν
314 676 464 720 αὐτῶν
510 675 780 730 οἰκειότητός
829 693 875 719 τε
921 679 1018 731 πέρι
1061 678 1139 718 καὶ
1171 677 1415 731 γνωρίσεως

55 744 281 797 ἀλλήλων,
326 742 383 795 ὡς
429 752 596 803 ᾳαῖμεν
632 743 716 793 ἄν,
761 746 835 786 καὶ
877 741 1054 798 ὁμιλίας
1089 747 1214 785 ἕνεκα
1252 739 1412 794 πάσης.

57 810 168 870 πρὸς
213 810 299 869 γὰρ
338 811 391 864 δὴ
437 809 521 864 τὴν
555 813 645 854 τῶν
690 810 846 865 γάμων
880 812 1120 854 κοινωνίαν
1147 811 1222 852 καὶ
1258 808 1414 864 ξύμμι-

57 879 124 932 ξιν
159 877 413 931 ἀναγκαίως
456 882 540 934 ἔχει
585 877 669 930 τὴν
716 876 908 931 ἄγνοιαν
942 878 1152 932 ἐξαιρεῖν,
1202 873 1315 931 παρ’
1353 870 1417 918 ὧν

58 953 102 990 τέ
148 962 214 995 τις
260 944 417 999 ἄγεται
454 948 526 988 καὶ
560 944 589 988 ἃ
627 949 698 988 καὶ
737 943 802 995 οἷς
837 947 1054 993 ἐκδίδωσι,
1105 946 1202 997 περὶ
1244 942 1417 992 παντὸς

58 1013 328 1067 ποιούμενον
374 1011 397 1056 ὅ
442 1029 484 1055 τι
530 1012 726 1067 μάλιστα
765 1010 814 1055 τὸ
851 1009 911 1067 μὴ
949 1009 1236 1070 σφάλλεσθαι
1272 1013 1415 1065 μηδα-

153 1185 282 1219 παίδα
315 1186 678 1228 ἐπιφημίσαντες]
715 1186 754 1219 V.
782 1185 1077 1229 ἐπιφημήσαντες,
1114 1185 1207 1229 quod
1242 1186 1296 1219 vix
1331 1196 1417 1219 unus

60 1235 193 1267 alterve
229 1233 332 1266 codd.
378 1232 589 1266 deteriorum
624 1233 741 1265 habet.
796 1233 1007 1267 Rectissime
1047 1233 1184 1276 plurimi
1225 1233 1418 1276 optimique

61 1279 331 1321 ἐπιφημίσαντες.

64 1439 95 1472 l.
124 1449 156 1479 p.
183 1437 230 1472 58
255 1447 395 1480 sqq.·—
424 1436 638 1476 νείμωμέν
666 1447 705 1468 τε

65 1482 240 1526 ταύτην,
268 1494 318 1515 sc.
345 1480 406 1523 τὴν
429 1481 541 1514 πόλιν,

114 1531 153 1562 D.
204 1529 320 1561 θεῶν
346 1527 475 1560 παῖδα
500 1527 703 1570 ἐπιφημί-

65 1578 234 1615 σαντες]
264 1575 309 1608 H.
341 1586 371 1607 e.
397 1577 703 1616 assignantes,

62 1622 381 1660 attribuentes,
442 1620 604 1653 adiuncta
653 1621 702 1654 rei

61 1674 203 1700 euticiae
236 1677 276 1699 ac
307 1667 446 1710 divinae
478 1667 703 1709 significatio-

62 1723 119 1747 ne.
166 1713 334 1746 Vocebuii
361 1722 464 1744 usum
490 1713 703 1745 illustrarunt

63 1758 364 1793 Hemsterhus.
407 1758 449 1790 sd
483 1758 626 1791 Lucian.
660 1758 704 1790 T.

65 1805 94 1837 1.
128 1816 161 1846 p.
195 1804 253 1839 24.
289 1804 343 1836 ed.
378 1804 493 1836 Reitz.
536 1805 704 1837 Werns-

66 1851 176 1883 dorf.
211 1849 254 1881 nd
291 1850 424 1882 Himer.
459 1849 580 1889 Eciogr.
608 1850 647 1881 V.
675 1850 705 1891 ξ.

63 1897 97 1930 9.
139 1907 173 1938 Ρ,
213 1895 281 1930 134
323 1905 374 1936 sq.
427 1895 612 1928 Lobeck.
662 1896 706 1927 ad

774 1436 953 1478 paratione
979 1447 1011 1478 p.
1035 1435 1069 1470 4.
1114 1434 1231 1475 „iilud
1264 1435 1418 1477 quidem,

772 1483 900 1524 inquit,
935 1494 954 1514 e
987 1483 1164 1515 communi
1198 1481 1416 1514 Graecorum

771 1538 836 1560 usu
863 1528 1010 1561 instituit
1035 1528 1159 1569 Pisto,
1192 1532 1230 1560 ut
1256 1529 1416 1560 iuvenum

773 1579 808 1606 et
833 1575 1024 1616 pueiiarum
1053 1573 1147 1607 chori
1164 1575 1265 1607 simui
1282 1574 1315 1606 in
1343 1583 1416 1606 me-

773 1620 867 1653 dium
925 1620 1119 1662 procedant
1173 1621 1262 1652 inter
1310 1629 1416 1660 seque

773 1671 973 1709 spectantes
1036 1667 1159 1699 animis
1219 1666 1415 1707 designent,

771 1723 874 1754 quem
907 1714 973 1746 sibi
1008 1714 1159 1755 quisque
1197 1712 1417 1755 potissimum

771 1759 814 1791 ad
848 1761 943 1792 vitae
983 1760 1197 1792 consortium
1231 1758 1419 1791 convenire

771 1805 973 1837 arbitretur.
979 1805 1004 1822 “
1031 1807 1222 1846 comparat
1243 1805 1300 1837 iiie
1315 1813 1417 1845 prae-

774 1855 828 1882 ter
854 1850 942 1882 hunc
968 1849 1416 1891 10011m1egg.v.p.738

777 1896 816 1927 D.
844 1901 878 1928 et
902 1896 1093 1950 Xenoph.
1110 1895 1219 1949 ’.ΕΡΙΙ
1249 1897 1272 1928 i.
1300 1895 1331 1928 2.

69 1942 193 1983 Pin-,m
220 1953 253 1984 p.
273 1941 353 1975 596.
384 1940 541 1972 lacobs
567 1941 610 1973 ad
639 1943 706 1974 Ae·
823 1938 918 1981 παρ’
969 1935 1023 1973 ὦν
1075 1941 1116 1974 τέ
1158 1950 1220 1972 τις
1267 1938 1416 1982 ἄγεται

66 1989 147 2020 iian.
184 1998 217 2029 p.
244 1986 411 2027 178,18.
437 1986 505 2020 alii.
533 2005 578 2011 —-
627 1985 707 2019 δύο
777 1988 846 2019 καὶ
879 1986 900 2019 ἃ
933 1988 1001 2019 καὶ
1037 1985 1103 2021 οἷς
1136 1986 1245 2028 ε’κδ.]
1277 1997 1298 2019 a
1326 1987 1415 2027 qui-

67 2034 143 2066 τοῦ
168 2031 323 2075 μηνός,
355 2032 484 2065 binas
518 2033 707 2074 singuiis
775 2034 855 2066 bus
887 2034 984 2075 quis
1017 2035 1098 2067 sibi
1134 2034 1276 2066 ducat
1314 2043 1416 2065 uxo-

66 2080 300 2113 mensibus.
335 2097 379 2103 —-
438 2078 514 2119 τῆε
555 2081 706 2121 γνωρί-
774 2090 855 2113 rem
906 2081 975 2112 vel
1019 2090 1236 2122 rquaenam
1278 2078 1417 2119 ducat,

66 2135 174 2158 σεως
199 2122 413 2167 ἀλλήλων,
443 2123 520 2156 der
545 2135 706 2167 gegen-

66 2182 84 2203 s
99 2173 170 2204 eit
189 2173 228 2213 ig
244 2182 263 2205 e
279 2181 299 2203 n
351 2170 707 2203 Bekanntschaft

67 2217 230 2250 tialber.
293 2216 379 2250 Nem
419 2217 594 2258 γνωρίζειν
635 2215 708 2250 τινά

68 2262 249 2301 dicuntur,
286 2262 342 2303 qui
376 2263 408 2294 in
440 2263 587 2295 alicuius
621 2264 706 2296 noti-

68 2310 151 2341 tiam
190 2309 401 2351 perveniunt
412 2333 422 2347 ‚
468 2313 503 2341 et
541 2319 619 2342 curn
666 2320 708 2341 eo

69 2355 186 2387 ineunt
214 2355 500 2388 consuetudinem
539 2365 580 2387 ac
611 2355 709 2388 fami-

70 2399 276 2488 iinritatemp‚
300 2401 399 2433 sicuti
425 2401 642 2434 ostendimus
666 2401 709 2434 ad

73 2444 219 2478 Luci-et.
268 2445 382 2481 ,181.
410 2447 449 2479 C.

119 2489 158 2522 E.
211 2501 318 2532 προς
342 2503 420 2535 γαρ
450 2491 499 2535 δὴ
527 2491 597 2533 τὴν
629 2493 711 2524 τῶι

74 2534 219 2577 γάμων
240 2537 287 2579 κ.]
304 2537 588 2571 Hel-mannus
605 2538 710 2571 Com-

73 2586 180 2614 ment.
204 2582 256 2615 De
282 2583 363 2615 iuris
387 2584 571 2618 domestici
596 2589 631 2617 et
656 2586 709 2617 fa-

73 2627 214 2661 mili-ris
238 2639 293 2669 sp.
319 2628 408 2662 Piat.
435 2631 466 2662 in
493 2631 520 2663 Ι
508 2641 600 2674 egg
632 2641 708 2664 cum

76 2673 202 2706 veteris
228 2674 397 2707 Graeciae
426 2676 588 2710 institutis
615 2687 708 2711 com-

775 2129 818 2158 et
871 2126 1029 2167 quibus
1093 2130 1290 2168 nuptum
1329 2124 1415 2158 det.

773 2169 967 2205 Ἐκδιδόναι
1014 2174 1061 2205 ita
1110 2176 1318 2214 usurpatum
1375 2170 1417 2204 ad

774 2218 920 2252 Tiienet.
955 2230 986 2261 p.
1018 2220 1098 2254 151.
1134 2219 1177 2250 B.
1211 2217 1352 2251 Politic.
1384 2228 1416 2259 p.

775 2265 855 2299 310.
893 2266 931 2297 C.
973 2265 1081 2308 Legg.
1116 2266 1162 2297 V.
1201 2276 1235 2308 p.
1268 2263 1346 2299 742.
1382 2265 1419 2295 C.

777 2311 966 2351 tetigimus.
1027 2311 1095 2343 Pro
1130 2312 1185 2343 καὶ
1220 2309 1240 2343 ἃ
1272 2310 1423 2342 Astius

779 2356 996 2390 scribendum
1025 2361 1143 2390 censet
1168 2358 1223 2389 καὶ
1250 2355 1303 2398 ἢν,
1327 2354 1422 2396 quod

780 2413 856 2435 cum
900 2400 1014 2444 ἄγεται
1052 2403 1253 2436 cohaereat.
1319 2401 1422 2434 Maiis

780 2448 930 2482 sortasse
955 2449 1009 2481 καὶ
1035 2446 1078 2481 οἱ.
1130 2448 1201 2483 Sed
1228 2447 1306 2481 nihii
1335 2457 1423 2489 opus

781 2496 983 2528 mutatione.
1032 2495 1205 2528 Neutrum
1244 2494 1332 2526 enim
1359 2492 1420 2525 eti-

780 2551 833 2573 am
867 2541 898 2572 in
924 2541 984 2578 iis,
1021 2542 1078 2582 qui
1113 2541 1213 2574 nobis
1248 2540 1317 2571 cari
1344 2549 1422 2571 esse

781 2586 926 2626 debent,
954 2586 1165 2627 hominibus.
1208 2586 1356 2619 maxime
1380 2585 1422 2621 lj—

781 2634 875 2665 beris
900 2636 935 2664 et
963 2635 1141 2674 uxoribus,
1170 2642 1235 2664 non
1253 2633 1418 2664 insolens.

782 2678 840 2709 Sic
875 2677 913 2708 τὰ
945 2679 1100 2717 φίλτατα,
1145 2676 1183 2710 τὰ
1215 2678 1330 2718 πρῶτα
1363 2678 1417 2718 φί-

1451 202 1491 242 Ι)
