1644 2886
467 92 552 135 DE
586 91 860 136 LEGIBUS
893 52 974 134 etei
1254 87 1386 131 LVII

27 209 83 250 sit
130 206 450 249 dubitationem
510 206 699 249 iniicere.
778 204 847 246 Ea
888 220 996 248 vero
1034 204 1180 247 omnia
1218 203 1282 244 ita
1320 201 1385 243 di-

26 263 344 320 sceptabimus,
376 270 426 305 ut
451 277 541 304 non
571 262 702 305 modo
733 262 975 305 communis
1005 266 1135 316 atque
1164 258 1385 317 proprius,

26 320 104 364 sed
145 320 276 362 etiam
315 319 580 362 artificiosus
627 326 672 362 et
709 319 975 375 improprius
1020 317 1232 361 orationis
1278 330 1386 358 usus

28 377 312 432 respiciatur,
353 375 569 431 siquidem
607 376 653 418 in
692 375 771 417 tali
809 391 967 419 caussa
1005 381 1049 418 et
1076 374 1236 417 mentis
1266 372 1387 429 cogi-

29 441 120 476 tata
161 440 206 475 et
243 433 377 475 animi
416 448 548 476 sensa
586 434 752 489 pariter
791 432 837 474 in
877 447 1056 474 censum
1095 431 1245 473 venire
1282 445 1387 472 con-

28 497 283 534 sentaneum
323 496 404 532 est.
473 490 631 544 Itaque
678 488 850 530 initium
895 489 1209 545 disputationis
1255 486 1388 529 duca-

30 563 124 590 mus
170 563 195 589 a
243 546 554 603 cognoscendo
610 546 881 603 singulorum
921 546 1234 588 vocabulorum
1286 558 1387 597 usu,

30 604 144 646 unde
185 604 329 646 critici
368 603 504 645 malas
534 602 588 644 (16
621 603 812 644 universi
841 603 987 659 operis
1017 603 1291 658 suspiciones
1323 615 1390 642 re-

31 662 264 718 petierunt,
295 661 330 703 si
362 662 474 702 forte
505 659 600 701 fieri
631 659 796 715 possit,
828 667 899 714 ut,
934 658 1041 714 quid
1071 658 1125 701 de
1157 674 1208 701 eo
1240 657 1390 700 existi-

32 717 235 760 mandum
267 717 338 770 sit,
371 717 533 759 certius
561 717 790 773 explorare
820 717 1051 773 possimus.

337 1070 461 1148 Cap.
504 1069 678 1131 XVm.
758 1069 1011 1148 Segment.
1055 1070 1091 1130 Ι.

56 1206 232 1252 Agitur
255 1197 322 1241 fle
349 1215 439 1243 usu
465 1206 764 1253 singulorum
790 1206 1055 1255 verborum
1077 1205 1128 1240 ln
1162 1205 1377 1251 Legibus

622 1264 819 1300 notato.
1082 1273 1085 1275 ’

150 1377 368 1432 Quoniam
409 1382 552 1418 autem
594 1381 802 1431 quattuor
848 1374 1126 1432 potissimum
1164 1389 1233 1417 res
1281 1381 1397 1428 sunt,

37 1451 146 1492 quas
191 1434 331 1477 critici
372 1433 419 1475 in
464 1432 736 1490 singulorum
766 1432 998 1475 verborum
1042 1447 1127 1474 usu
1171 1437 1399 1487 tamquam

38 1492 283 1549 singulares
327 1496 556 1544 notarunt,
588 1490 745 1532 raritas
777 1488 1052 1545 quorundam
1084 1487 1401 1531 vocabulorum

39 1555 172 1604 atque
212 1547 468 1601 insolentia,
500 1547 694 1589 crebrior
722 1546 959 1589 formarum
987 1546 1298 1589 nonnullarum
1328 1560 1401 1587 ea-

38 1621 220 1661 rumque
251 1605 464 1647 rariorum
495 1603 739 1660 usurpatio,
779 1603 1087 1645 inusitatarum
1118 1603 1403 1659 significatio-

39 1679 143 1706 num
188 1662 438 1715 attributio,
479 1660 670 1716 denique
721 1660 943 1702 nominum
984 1661 1203 1703 abstracte
1233 1660 1403 1717 posito-

40 1735 135 1763 rum
174 1718 445 1774 frequentia,
483 1718 593 1760 haec
633 1718 778 1760 omnia
826 1716 1079 1774 singulatim
1127 1732 1207 1774 per
1256 1728 1404 1773 partes

39 1791 351 1834 persequemur
387 1781 520 1830 atque
558 1775 620 1816 ita
659 1774 876 1816 illustrare
917 1774 1195 1828 conabimur,
1226 1780 1277 1816 ut
1306 1773 1406 1816 nul-

45 1835 135 1877 lam
163 1847 363 1875 caussam
393 1847 489 1874 esse
520 1831 895 1885 demonstremus,
939 1846 1017 1873 cur
1046 1831 1148 1874 inde
1179 1831 1319 1873 malae
1350 1829 1405 1872 de

43 1889 260 1932 Platonici
292 1889 437 1944 operis
470 1889 714 1945 originibus
743 1888 1016 1944 suspiciones
1046 1894 1313 1944 repetantur.

160 1966 400 2010 Ordiamur
437 1967 574 2023 igitur
612 1983 638 2009 a
664 1966 904 2009 lustrandis
934 1967 989 2009 iis
1021 1967 1264 2021 vocabulis,
1297 1981 1408 2022 quae

48 2025 253 2081 quoniam
284 2024 328 2065 in
360 2023 460 2066 unis
494 2024 689 2080 Legibus
718 2023 919 2065 Platonis
949 2024 1229 2080 reperiuntur
1258 2029 1303 2065 et
1339 2024 1409 2066 vel

49 2083 214 2125 rariora
242 2087 346 2124 sunt
374 2081 445 2122 vel
485 2080 590 2122 ficta
620 2079 832 2122 audacius
864 2086 994 2134 atque
1024 2081 1212 2136 poetica,
1245 2080 1410 2123 criticis

50 2138 371 2182 dubitationum
409 2151 591 2180 caussas
633 2137 955 2192 praebuerunt;
1001 2152 1186 2192 quorum
1235 2137 1411 2193 quidem

51 2195 360 2239 vocabulorum
406 2209 634 2236 recen-sum
672 2208 806 2248 quum
844 2195 1004 2250 partim
1043 2195 1181 2252 egerit
1222 2194 1411 2237 Ζ6116-

50 2267 143 2295 rus
182 2251 210 2294 l.
249 2267 287 2295 6.
327 2267 369 2307 p.
411 2252 466 2293 85
506 2266 571 2306 sq.
613 2257 707 2292 tum
746 2258 916 2293 nosmet
952 2251 1064 2308 ipsi,
1115 2267 1169 2294 ne
1208 2250 1317 2306 quid
1356 2250 1413 2293 ad

53 2315 327 2365 praesentem
375 2309 676 2363 quaestionem
733 2307 934 2362 deesset,
995 2309 1126 2351 etiam
1173 2307 1413 2363 aliquando

53 2366 291 2422 pleniorem
330 2365 630 2418 exhibuimus,
673 2379 934 2420 quamquam
953 2402 956 2408 ,
973 2373 1078 2408 sunt
1116 2366 1267 2419 etiam,
1302 2379 1413 2419 quae

54 2422 256 2465 consulto
285 2437 402 2464 nunc
442 2422 681 2475 omisimus,
720 2420 875 2465 melius
911 2422 988 2464 illa
1017 2421 1332 2479 cognoscenda
1362 2435 1413 2463 ex

57 2479 391 2521 commentariis.
451 2478 816 2521 Enumerabimus
845 2485 990 2522 autem
1020 2479 1097 2521 illa
1128 2480 1215 2532 sic,
1247 2484 1301 2520 ut
1327 2492 1415 2520 una

58 2549 193 2590 opera
233 2536 363 2577 etiam
398 2551 523 2578 usum
565 2551 714 2577 eorum
758 2550 838 2591 per
866 2551 912 2578 se
942 2550 1139 2579 seorsum
1170 2535 1415 2590 spectatum

60 2591 236 2633 omnino
274 2592 386 2634 bene
424 2592 642 2635 Graecum
678 2606 772 2634 esse
804 2591 1040 2636 doceamus
1072 2600 1228 2649 utpote
1258 2591 1416 2635 confir-

59 2653 218 2691 matum
250 2648 304 2691 ab
335 2650 525 2705 optimae
557 2648 823 2692 Graecitatis
853 2651 1108 2693 auctoribus
1140 2654 1271 2704 atque
1300 2654 1418 2692 vete-
