1644 2886
254 117 331 158 182

751 113 1132 159 PLATONIS

182 224 221 265 Ε
258 227 337 271 ἐὰν
382 228 637 270 ἀνάστατον
690 227 866 282 ἀνάγκη
917 233 1131 287 φαίνηται
1185 233 1438 285 γίγνεσθαι,
1486 233 1589 286 πρὶν

254 296 425 336 ἐθέλειν
468 294 669 336 δούλειον
713 291 990 347 ὑπομείνασα
1046 295 1175 347 ζυγὸν
1232 294 1453 352 ἄρχεσθαι
1499 294 1586 339 ὑπὸ

252 358 482 414 χειρόνων,
518 356 543 409 ἢ
581 362 741 402 λείπειν
777 362 894 419 φυγῇ
933 360 1012 412 τὴν
1049 360 1204 411 πόλιν,
1252 360 1311 411 ὡς
1343 361 1494 404 πάντα
1532 361 1585 403 τοὶ

256 422 430 465 τοιαῦτ’
472 421 550 478 ἄρ’
589 424 694 467 ἔσθ’
734 424 1023 480 ὑπομενετέον
1060 427 1336 482 πάσχοντας,
1371 429 1474 484 πρὶν
1509 427 1589 469 ἀλ-

257 488 488 540 λάξασθαι
534 493 784 544 πολιτείαν,
831 490 858 543 ἢ
897 495 1072 547 χείρους
1113 492 1388 549 ἀνθρώπους
1428 496 1589 550 πέφυκε

258 563 414 598 ποιεῖν.
431 557 592 598 ,ταῦτα
628 554 748 610 ἡμεῖς
774 573 817 599 τε
837 560 1092 614 ἔμπροσθεν
1110 558 1589 613 ξυιιωμολογησοέμεθα,

258 623 330 662 καὶ
375 623 456 662 νῦν
499 619 619 675 ὑμεῖς
658 621 782 675 ἡμῶν
827 628 885 672 εὶς
931 625 1072 666 ταῦτα
1123 623 1305 679 ἑκάτερα
1357 626 1590 678 βλέποντες

148 689 225 728 771
258 691 470 728 ἐπαινεῖτε
518 690 590 729 καὶ
636 694 787 747 ψέγετε
833 687 935 738 τοὺς
980 689 1163 743 νόμους,
1207 688 1302 733 ὅσοι
1350 688 1409 744 μὴ
1448 692 1588 732 ταῦτα

257 754 461 801 δυνατοί,
507 752 610 802 τοὺς
647 756 690 795 δὲ
735 753 951 803 δυνατοὺς
984 754 1241 807 ἀσπάζεσθε
1276 772 1320 797 τε
1356 758 1427 796 καὶ
1462 757 1589 812 φιλο-

254 817 430 874 φρόνως
476 819 698 873 δεχόμενοι
745 821 841 872 ζῆτε
879 825 924 862 ὲν
960 820 1132 869 αὐτοῖς·
1178 821 1231 863 τοὶ
1269 821 1307 862 δ’
1348 818 1461 862 ἄλλα
1499 826 1588 863 ἑπι-

349 992 388 1023 Ρ.
407 992 484 1025 771.

533 992 687 1033 ψέγετε
714 992 814 1023 τοὺς
839 992 1016 1031 νόμους,
1043 990 1136 1024 ὅσοι
1161 992 1212 1031 μὴ
1242 993 1587 1035 z.]St‹=phan.:1pe'-

256 1048 328 1078 γετε
358 1035 440 1067 τοὺς
465 1035 605 1075 νόμους,
631 1038 747 1079 ψέγετε
774 1037 831 1075 μὲν
858 1035 934 1068 ὅσοι
960 1037 1003 1078 μὴ
1030 1039 1132 1069 ταῦτα
1158 1036 1184 1070 δ.
1214 1037 1256 1069 ‹le
1282 1038 1475 1068 coniectura
1502 1038 1587 1068 Cor-

257 1083 354 1113 narii.

409 1082 520 1114 Recte
549 1082 650 1113 codd.
685 1088 723 1114 Α.
760 1083 797 1115 Ξ.
830 1083 879 1113 Ω.
916 1093 944 1113 v.
978 1083 1000 1114 f.
1038 1083 1067 1116 li.
1098 1093 1124 1114 r.
1152 1093 1181 1114 a.
1210 1092 1238 1113 c.
1265 1092 1298 1113 o.
1326 1080 1354 1113 δ.
1388 1081 1468 1113 Ald.
1503 1082 1586 1113 Lov.

260 1127 360 1163 Basa.
388 1127 419 1160 1.
444 1127 475 1160 2.
503 1126 584 1158 Tur.
615 1128 776 1159 omittunt
802 1127 891 1158 istud
917 1126 1035 1168 ψέγετε
1057 1128 1126 1167 μέν,
1150 1127 1255 1168 quod,
1281 1128 1343 1158 nisi
1370 1127 1453 1159 fallit
1479 1136 1585 1168 angu-

258 1262 336 1302 πρὶν
366 1260 497 1291 ἐθέλειν
532 1260 572 1282 -'-
607 1257 675 1291 ὑπὸ
711 1259 886 1302 χειρόνων,

257 1308 358 1338 etiam
378 1305 419 1337 ad
437 1302 457 1346 ἢ
481 1306 655 1336 λείπειν-
669 1304 776 1343 πόλιν,
794 1307 899 1338 ωεη-“

256 1356 291 1383 te
315 1357 350 1383 et
368 1351 577 1391 cogitatione
597 1350 775 1382 referenda
796 1355 888 1389 sunt,

256 1396 425 1436 siquidem
444 1395 585 1427 alterius
602 1396 744 1427 membri
770 1397 887 1428 eadem

257 1451 398 1482 prorsus
423 1446 476 1472 est
502 1440 652 1472 conditio
667 1446 771 1481 atque
797 1442 888 1483 prio·

257 1486 315 1517 ris.
372 1486 481 1517 Porro
520 1482 764 1526 ὑπομενετέον,
803 1496 887 1526 qno-

256 1532 346 1562 niam
372 1530 447 1562 nihil
474 1531 564 1562 alind
597 1531 760 1572 significat
784 1542 886 1571 quam

256 1573 438 1614 ὑπομένειν
462 1574 521 1612 δεῖ,
551 1585 612 1606 nsu
638 1576 722 1607 satis
747 1577 828 1607 trito
855 1580 890 1608 et

256 1620 384 1661 vulgari
417 1630 493 1652 cnm
520 1621 719 1652 accusativo
745 1620 890 1661 πάσχον-

257 1674 314 1697 τας
339 1665 570 1706 coniungitur,
602 1666 701 1696 cuins
727 1666 886 1706 loquendi

254 1711 396 1742 rationis
428 1711 584 1751 exempla
618 1720 723 1750 saepe
754 1713 886 1743 notavi-

254 1765 352 1795 mus,
383 1755 489 1786 veluti
523 1754 566 1786 ad
600 1755 731 1787 Criton.
767 1767 799 1797 p.
830 1756 886 1789 49.

254 1806 300 1832 A.
335 1805 368 1831 et
399 1800 508 1839 Gorg.
542 1810 574 1839 p.
603 1800 682 1834 512.
709 1800 753 1831 D.
806 1801 882 1832 Plu-

244 1847 336 1877 ralis
361 1854 442 1876 vero
468 1843 658 1884 πάσχοντας
688 1846 778 1886 quod
808 1851 888 1886 post

254 1899 429 1922 numerum
478 1891 685 1930 singularem
733 1890 887 1930 infertur,

256 1936 411 1966 Graecos
435 1940 573 1966 constat
602 1934 666 1966 hoc
697 1935 727 1966 in
763 1946 889 1974 ¹‘genere

253 1981 403 2012 maxima
435 1980 483 2011 uti
519 1981 690 2016 libertate,
723 1984 759 2011 nt
785 1981 888 2012 modo

253 2035 273 2056 a
298 2024 418 2065 plurali
443 2024 488 2055 ad
514 2025 719 2065 singularem
739 2025 842 2057 modo
868 2036 887 2057 a

254 2070 418 2110 singulari
445 2069 486 2100 ad
520 2071 682 2110 pluralem
710 2080 885 2102 numerum

253 2115 457 2146 transiliant.
510 2115 728 2155 Participium
762 2115 884 2147 eodem

253 2159 359 2191 modo
383 2159 533 2200 positum
560 2161 776 2191 restituimus
794 2160 885 2192 The-

252 2206 320 2236 aet.
348 2214 381 2244 p.
408 2204 487 2237 167.
515 2205 552 2235 Α.
602 2205 652 2236 De
677 2203 739 2236 hac
772 2215 884 2238 nnme-

254 2257 368 2282 rorum
414 2249 602 2280 variatione
633 2250 771 2281 omnino
803 2260 885 2282 con-

254 2293 404 2324 suluisse
434 2294 563 2325 iuvabit
589 2294 799 2327 Matthiae
823 2294 883 2327 Gr.

253 2339 284 2379 ξ.
311 2338 389 2372 293.
415 2339 492 2371 coll.
519 2338 709 2371 Elmslei.
742 2339 784 2371 ad
814 2340 885 2371 Eu-

253 2384 317 2424 rip.
351 2382 443 2414 Med.
478 2394 568 2415 vers.
600 2384 679 2417 552.
733 2384 885 2425 Denique

255 2429 335 2459 ista:
369 2427 447 2467 πρὶν
481 2424 690 2467 ἀλλάξασθαι
717 2430 885 2460 πολιτείαν

254 2476 434 2509 -ποιεῖν,
457 2477 618 2514 repetunt
644 2484 717 2505 vum
744 2475 775 2506 vi
801 2485 881 2515 (μυι-

254 2517 332 2549 dam
367 2519 569 2550 sententiam
605 2520 783 2551 verborum
824 2530 881 2550 su-

253 2562 441 2602 periorum:
475 2563 553 2604 πρΙν
582 2562 713 2595 ἐθέλειν
744 2575 772 2595 κ.
801 2575 825 2595 τ.
855 2565 880 2594 λ.

251 2607 343 2647 quod
375 2607 483 2648 ipsum
516 2609 614 2649 plane
646 2613 700 2640 est
730 2609 881 2640 Platoni—

252 2660 339 2684 cum.
397 2651 569 2694 Significat
612 2664 692 2686 vero
734 2651 879 2685 ἀλλάττε-

957 1260 1257 1303 σθαι-πολιτείαν,
1299 1260 1418 1293 facta
1452 1264 1587 1293 muta-

957 1309 1077 1339 tione
1116 1316 1292 1338 sumere
1330 1307 1382 1337 vel
1414 1307 1587 1346 accipe—

955 1363 1015 1392 re,
1041 1361 1141 1392 quem
1169 1361 1268 1382 usum
1287 1350 1458 1391 loquendi,
1484 1352 1586 1383 etiam

957 1398 988 1428 in
1021 1397 1133 1429 verbis
1165 1394 1397 1436 μεταβάλλειν,
1427 1392 1587 1436 ἀμείβειν,

956 1442 1180 1482 μεταμείβειν,
1225 1442 1316 1477 aliis,
1355 1442 1586 1481 observatum,

956 1489 1171 1519 illustrarunt
1185 1487 1246 1518 viri
1275 1486 1367 1517 docti
1383 1486 1425 1517 ad
1443 1485 1585 1517 Pliaedr.

957 1543 988 1573 p.
1021 1531 1097 1565 241.
1131 1533 1175 1563 A.
1217 1531 1317 1572 Reip.
1357 1531 1412 1563 lV.
1445 1540 1476 1571 p.
1506 1530 1586 1564 424.

957 1577 996 1610 C.
1031 1579 1073 1609 al.
1130 1577 1286 1609 Latinum
1327 1580 1495 1607 mutare
1527 1586 1587 1608 eo—

956 1623 1033 1654 dem
1076 1621 1179 1653 modo
1223 1626 1422 1661 usurpatum
1457 1620 1585 1652 (ludum

956 1667 1141 1707 explicavit
1169 1666 1351 1698 Lambin.
1387 1665 1428 1697 ad
1458 1665 1584 1697 Horat.

955 1711 1022 1744 Od.
1054 1711 1083 1742 Ι.
1116 1711 1179 1750 16,
1212 1711 1266 1744 26.
1300 1711 1416 1742 multis
1450 1721 1522 1742 eam
1555 1710 1587 1742 in

955 1766 1025 1788 rem
1074 1757 1183 1788 allatis
1231 1755 1444 1787 testimoniis.
1516 1755 1586 1787 Sed

955 1801 1040 1832 haec
1065 1801 1108 1832 de
1133 1803 1209 1832 loco
1235 1801 1319 1831 satis
1347 1799 1483 1831 difficili.
1516 1799 1585 1832 Re-

954 1850 1046 1885 stat,
1079 1850 1115 1876 ut
1149 1845 1229 1886 quid
1256 1846 1311 1876 alii
1337 1845 1397 1876 viri
1425 1845 1517 1876 docti
1543 1844 1586 1876 de

957 1901 998 1923 eo
1033 1892 1219 1928 senserint9
1252 1890 1370 1931 paucis
1399 1889 1582 1921 ostenden-

955 1936 1031 1967 dum
1068 1936 1122 1967 sit.
1178 1936 1346 1968 Mittimus
1384 1938 1495 1965 tamen
1531 1944 1583 1965 va·

954 1983 1022 2012 rias
1056 1991 1174 2012 eorum
1207 1980 1414 2020 sementum,
1447 1980 1502 2020 qui
1534 1980 1585 2011 lo—

953 2036 1028 2057 cum
1055 2025 1222 2057 vertendo
1258 2025 1449 2065 exprimere
1471 2025 1586 2056 conati

953 2075 1050 2109 sunt,
1077 2080 1167 2111 quae
1191 2074 1269 2102 sunt
1293 2069 1363 2101 fere
1388 2070 1584 2101 innumera—

954 2116 1061 2154 biles,
1097 2126 1226 2156 eaeque
1257 2124 1375 2146 omnes
1402 2114 1583 2154 eiusmodi,

955 2164 992 2192 ut
1016 2171 1035 2192 a
1061 2170 1141 2192 vero
1162 2159 1366 2192 abhorreant
1382 2169 1481 2200 quam
1509 2169 1581 2192 ma·

952 2207 1054 2239 xime.
1083 2206 1176 2237 Satis
1189 2204 1398 2242 eritAstii‚
1416 2204 1581 2245 Wagne-

955 2251 998 2287 ri,
1018 2250 1046 2282 H
1060 2249 1267 2282 eindorfii
1285 2248 1464 2290 opiniones
1481 2249 1523 2281 de
1540 2259 1581 2282 eo

953 2300 1132 2332 susceptas
1166 2295 1336 2327 retulisse.
1385 2293 1430 2324 Et
1456 2294 1581 2326 Hein-

954 2340 1130 2372 dorfius
1154 2339 1288 2380 quidem
1315 2337 1463 2379 Specim.
1490 2339 1581 2371 Con—

952 2385 1032 2416 iect.
1060 2395 1092 2425 p.
1117 2384 1173 2418 36.
1206 2394 1267 2425 pro
1300 2380 1490 2415 ἀνάστατον
1515 2385 1579 2425 legi

951 2430 1050 2461 iussit
1079 2426 1277 2468 α’νάστασινς
1316 2429 1359 2461 de
1396 2429 1469 2460 aliis
1503 2438 1579 2460 ver-

951 2475 1065 2506 borum
1095 2474 1348 2506 difficultatibus
1379 2483 1445 2505 non
1471 2473 1579 2514 expli-

949 2519 1048 2551 cavit.
1077 2520 1230 2552 Astius
1256 2523 1370 2551 antem
1389 2521 1499 2550 totum
1526 2519 1578 2549 lo-

949 2573 1023 2595 cum
1051 2564 1101 2595 sic
1127 2564 1243 2606 refingi
1274 2565 1386 2596 iussin
1419 2563 1578 2594 τελευτῶν

949 2607 985 2639 δὲ
1021 2609 1073 2639 καὶ
1105 2608 1235 2642 πόλεως
1273 2606 1472 2643 ἀνάστατος,
1516 2606 1575 2639 ἐὰν

948 2649 1074 2695 ἀνάγκη
1112 2657 1290 2696 φαίνηται,
1321 2652 1498 2695 γίγνεσθαι
1531 2673 1571 2677 -
