1644 2886
248 108 351 150 clv
564 80 566 82 ยน
661 106 1144 150 PROLEGOMENA

247 218 324 260 sed
370 218 521 260 iisdem
577 218 661 258 illis
711 217 840 258 etiam
894 217 1125 272 pleniorem
1178 216 1318 258 lucem
1367 218 1574 271 affundat,

247 273 593 328 quandoquidem
632 272 864 314 clarissime
906 272 1006 314 inde
1036 272 1320 327 perspicitur,
1366 288 1576 328 quaenam

246 330 433 384 optimae
473 328 638 370 civitati
679 342 774 368 cum
813 328 826 368 i
859 343 907 369 sa
943 328 1058 369 vitae
1105 328 1285 369 veritate
1330 331 1575 372 coniunctio
1636 352 1644 363 ฯ

245 400 298 426 ac
336 382 612 426 necessitudo
654 382 817 425 interce
851 390 908 426 at.
978 383 1236 426 Declaratur
1274 385 1410 439 enim,
1450 386 1576 441 quid-

235 454 342 485 ,nam
386 438 686 493 philosophiae
711 439 824 481 ratio
855 446 900 480 et
927 437 1126 481 doctrina
1155 454 1232 494 pro
1262 442 1479 494 praesenti
1510 456 1576 483 re-

243 510 337 536 rum
387 494 665 536 humanarum
713 493 960 536 conditione
1006 495 1050 536 in
1088 495 1185 549 ipsa
1219 494 1439 538 hominum
1485 497 1577 539 vita

244 550 415 591 efficere
458 557 502 592 et
542 565 628 605 quo
665 549 796 592 modo
832 550 972 592 civilis
1018 551 1202 593 societas
1249 551 1362 593 vitae
1406 553 1576 594 veritati

244 606 469 661 cognatior
507 605 561 647 ad
600 606 803 647 maiorem
844 605 1061 660 quandam
1099 606 1373 662 perfectionis
1402 607 1576 650 laudem

244 661 422 715 provehi
458 668 502 702 et
538 661 710 717 optimis
756 661 925 716 legibus
965 663 1105 716 iisque
1172 662 1358 704 erfectae
1395 664 1575 706 rationis

243 717 415 758 vicariis
445 717 657 759 instructa
677 723 806 770 atque
837 718 1076 782 gubernata
1106 678 1168 759 ad)
1192 733 1319 772 quam
1350 719 1575 761 maximam

243 787 340 814 cum
378 773 571 827 perfecta
612 773 786 814 civitate
824 774 1145 815 similitudinem
1190 772 1368 828 perduci
1419 775 1574 830 possit,

243 836 291 869 ut
329 829 524 882 profecto
556 826 660 869 nihil
689 826 851 870 vidisse
882 828 1157 871 existimandi
1186 830 1293 882 sint,
1325 830 1398 883 qui
1426 830 1574 873 Plato-

240 898 335 924 ncm
367 883 681 925 contenderunt
711 883 948 926 scribendis
981 886 1175 941 Legibus
1198 886 1415 940 optimam,
1446 901 1574 940 quam

239 939 283 980 in
319 939 477 980 Politia
506 938 794 993 condidisset,
834 941 1053 982 civitatem
1092 941 1205 982 ultro
1235 941 1574 995 improbaturum

240 1000 316 1036 aut
361 997 617 1036 reiecturum
654 996 800 1038 fuisse.
869 995 1080 1038 Nimirum
1130 1012 1217 1038 non
1268 997 1449 1038 mutavit
1502 998 1573 1039 ille

240 1051 499 1092 sententiam
540 1049 593 1092 de
630 1051 794 1105 optimo
837 1052 1024 1094 civitatis
1063 1058 1178 1094 statu
1218 1052 1435 1105 quondam
1474 1069 1572 1108 pro-

240 1104 397 1159 ditam,
444 1105 523 1148 sed
562 1107 744 1148 eandem
778 1107 922 1163 potius
961 1105 1106 1163 posuit
1142 1108 1187 1148 in
1216 1107 1312 1149 loco
1343 1108 1572 1151 illustriore

239 1162 485 1216 certiusque
523 1162 818 1216 confirmavit,
863 1159 1214 1218 quandoquidem
1253 1163 1380 1205 sicuti
1417 1164 1460 1205 in
1488 1163 1572 1206 Re-

238 1217 411 1271 publica
439 1217 610 1259 divinae
640 1217 761 1260 ideae
783 1217 921 1261 lucem
950 1219 1003 1260 ad
1034 1219 1165 1260 vitam
1191 1215 1416 1260 humanam
1449 1221 1571 1273 quasi

239 1272 294 1314 de
329 1273 450 1315 coelo
481 1272 659 1328 detulit,
700 1275 762 1316 ita
802 1275 847 1316 in
878 1275 1072 1330 Legibus
1105 1275 1231 1316 vitam
1261 1275 1487 1317 humanam
1522 1291 1571 1317 ex

237 1328 322 1369 ista
359 1329 622 1383 humilitate,
663 1330 718 1371 ad
749 1345 875 1384 quam
906 1330 1073 1372 deiecta
1102 1337 1239 1383 esset,
1271 1330 1326 1371 ad
1352 1331 1466 1372 illius
1498 1346 1570 1372 ex-

237 1383 480 1426 cellentiam
521 1399 571 1426 ac
618 1385 979 1442 magnificentiam
1028 1386 1223 1427 attollere
1261 1392 1441 1428 conatus
1491 1395 1569 1429 est.

238 1440 391 1494 Itaque
421 1454 703 1495 quaecunque
732 1442 776 1483 in
811 1442 1001 1498 Legibus
1025 1441 1077 1483 de
1098 1441 1320 1483 elementis
1343 1456 1393 1483 ac
1411 1442 1569 1497 princi-

235 1495 319 1550 piis
340 1496 543 1549 civitatis,
560 1510 687 1551 quam
704 1496 913 1551 condidit,
935 1494 988 1538 de
1004 1497 1192 1539 eiusdem
1209 1498 1370 1552 optimo
1391 1504 1506 1540 statu
1525 1506 1570 1540 et

236 1552 458 1606 regimine,
479 1551 532 1593 de
549 1553 703 1594 civium
723 1553 961 1606 ordinibus,
977 1553 1029 1594 de
1049 1553 1280 1594 eorundem
1298 1554 1567 1596 institutione

234 1613 280 1648 et
309 1606 562 1662 disciplina,
603 1608 658 1650 de
686 1609 771 1650 fine
801 1609 1064 1664 reipublicae
1093 1609 1339 1664 proposito,
1384 1609 1436 1650 de
1475 1611 1567 1651 eius

234 1677 330 1704 cum
361 1663 530 1704 virtute'
549 1662 851 1711 coniunctione
876 1680 927 1707 ac
949 1664 1286 1717 necessitudine,
1319 1665 1371 1706 de
1397 1666 1567 1708 virtutis
1615 1710 1619 1714 .

234 1724 278 1759 et
294 1718 532 1761 honestatis
562 1719 803 1775 disciplina,
835 1720 888 1762 de
918 1721 1125 1776 religione
1155 1728 1198 1760 et
1226 1720 1344 1761 cultu
1374 1721 1565 1774 deorum,

233 1773 419 1828 denique
459 1774 513 1815 de
542 1775 709 1831 legibus
741 1782 784 1817 et
812 1776 1023 1818 institutis
1053 1775 1251 1817 civilibus
1282 1775 1564 1829 disseruntur,

233 1844 284 1870 ea
312 1830 393 1872 etsi
423 1830 719 1884 secundariae,
752 1847 877 1886 quam
905 1831 1172 1884 informarit,
1203 1831 1367 1872 civitati
1399 1847 1566 1873 accom-

231 1885 405 1926 modata
447 1894 550 1927 sunt
595 1886 780 1939 ideoque
821 1887 1025 1942 prudenti
1072 1887 1251 1928 consilio
1300 1888 1567 1942 populariter

231 1941 376 1994 potius
417 1956 542 1995 quam
582 1942 798 1985 subtiliter
837 1944 1060 1998 exposita,
1094 1949 1233 1984 tamen
1262 1948 1349 1983 tam
1380 1943 1564 1985 admira-

230 1997 304 2037 bili
346 1997 538 2039 sollertia
576 1999 725 2040 iuncta
763 2005 864 2040 sunt
903 2007 1032 2052 atque
1073 2013 1124 2039 co
1158 1998 1276 2039 ulata
1314 2013 1409 2040 cum
1441 2000 1562 2041 scitis

230 2053 281 2093 ac
311 2052 496 2096 decretis
527 2055 572 2094 in
600 2053 723 2095 libris
750 2055 818 2095 De
837 2052 1078 2110 Republica
1096 2054 1124 2094 il
1146 2054 1336 2107 ustratis,
1367 2065 1415 2095 ut
1444 2061 1562 2096 utra-

231 2122 314 2161 que
354 2109 397 2150 in
436 2124 601 2151 summa
642 2124 751 2164 quae
791 2125 886 2151 esse
925 2110 1096 2151 videtur
1133 2107 1378 2151 diversitate
1408 2111 1561 2152 nihilo-

227 2163 369 2205 minus
397 2165 655 2206 amicissime
673 2166 921 2220 conspirare
944 2172 987 2207 et
1008 2165 1062 2207 ad
1082 2180 1212 2206 unum
1234 2164 1432 2221 idemque
1463 2182 1561 2222 pro-

227 2220 416 2275 positum
447 2221 594 2261 referri
626 2221 910 2262 existimanda
942 2221 1042 2263 sint.
1101 2219 1219 2273 Quid
1250 2221 1367 2274 quod
1399 2223 1559 2277 Leges,

228 2275 394 2317 etiamsi
424 2282 596 2317 careant
626 2276 824 2318 doctrina
851 2276 904 2318 de
933 2277 1058 2328 ideis,
1089 2282 1229 2317 tamen
1267 2292 1415 2318 revera
1447 2279 1560 2320 eius-

227 2331 324 2373 dem
362 2331 643 2373 fundamento
673 2339 775 2374 sunt
802 2338 1138 2387 superstructae,
1168 2338 1319 2387 utpote
1347 2334 1474 2388 plane
1504 2334 1559 2375 ad

227 2387 444 2442 perfectae
482 2387 747 2441 reipublicae
801 2388 1017 2443 exemplar
1066 2394 1351 2442 comparatae.
1427 2389 1556 2442 Quod

226 2458 329 2484 vero
371 2444 414 2484 in
452 2442 535 2484 hoc
564 2458 694 2497 opere
753 2443 906 2484 luriina
931 2442 1182 2494 traduntur,
1215 2458 1324 2498 quae
1356 2459 1438 2486 non
1470 2452 1557 2487 tam

227 2513 279 2539 ex
310 2498 609 2540 reconditioris
646 2459 944 2555 philbsophiae
985 2499 1278 2554 penetralibus
1335 2499 1557 2556 depromta

228 2569 352 2605 quam
396 2570 417 2595 e
457 2554 572 2596 vitae
614 2555 850 2596 eommunis
891 2569 970 2597 usu
1019 2559 1062 2596 et
1102 2555 1366 2608 experientia
1405 2557 1554 2598 hausta
