1644 2886
481 96 562 138 DE
596 93 872 138 LEGIBUS
903 100 986 136 etc.
1195 93 1403 136 LXXXI

44 209 100 253 D.
140 209 245 252 VIl.
287 226 329 266 p.
372 211 469 254 812.
510 210 561 252 Β.
603 211 696 251 794.
743 207 794 250 C.
826 207 881 248 al.
943 208 1010 248 Ac
1050 206 1276 249 referimus
1305 208 1403 255 sine

5 315 7 321 y
41 265 130 308 ulla
160 265 432 310 dubitatione
461 266 614 309 eodem
649 266 780 307 etiam
809 264 902 318 illa,
930 277 1042 318 quae
1071 278 1114 319 p.
1145 265 1213 306 91.
1245 278 1311 319 sq.
1344 263 1403 306 de

4 324 7 340 ξ
41 322 286 379 periphrasi
325 339 403 380 per
442 322 579 381 φύσις
620 338 671 364 ac
717 321 906 374 δύναμις
942 321 1062 362 facta
1105 329 1398 376 exponuntur.

0 385 5 435 1
41 379 168 433 Quae
207 380 383 435 quidem
424 380 692 436 periphrasis
732 378 841 420 adeo
885 383 953 419 est
991 377 1251 434 pervulgata
1279 378 1400 433 apud

0 435 5 476 ’.ἶ
39 436 269 479 Platonem
308 438 506 492 aliosque
544 436 806 492 scriptores,
851 442 899 476 ut
944 449 1042 475 rara
1085 441 1161 475 aut
1203 434 1397 477 insolens

41 492 127 535 dici
171 494 291 536 nullo
333 494 463 536 modo
491 493 705 536 debuerit.
742 509 783 533 V.
816 490 885 533 ad.
917 490 1140 534 Phaedon.
1173 508 1212 547 p.
1247 493 1314 534 79.
1345 492 1399 534 B.

40 549 192 607 Symp.
227 568 268 608 p.
295 554 387 592 191.
410 552 551 608 Legg.
573 551 696 593 Libr.
717 549 772 593 V.
795 564 838 604 p.
862 549 956 589 747.
982 548 1035 590 D.
1059 547 1143 589 III.
1164 564 1206 603 p.
1228 550 1324 592 691.
1343 549 1402 591 al.

43 607 207 649 Iniuria
238 623 369 665 porro
400 624 443 664 p.
474 611 542 650 94.
573 614 795 661 tamquam
826 604 1018 647 insolens
1064 614 1241 646 notatur
1280 621 1398 647 ‹tom-

38 663 229 719 plurium
258 665 551 721 genitivorum
576 662 870 719 complicatio,
901 661 1042 716 qualis
1074 668 1140 702 est
1171 661 1206 702 I.
1239 678 1280 718 p.
1304 665 1404 705 648.-

40 718 94 762 E.
126 720 187 762 ΙΙ.
219 723 314 763 665.
346 721 400 763 B.
432 723 527 764 672.
558 721 612 762 B.
645 720 727 762 VI.
766 735 810 774 p.
842 719 937 760 768.
971 718 1022 760 O.
1068 718 1166 762 ΥΠ.
1206 720 1302 760 802.
1345 720 1401 760 Β.

39 777 124 819 ΙΧ.
163 779 260 821 861.
292 778 347 820 Ε.
379 778 433 820 al.
466 784 542 820 aut
569 777 646 819 illa
675 776 966 832 genitivorum
997 775 1279 828 coniunctio,
1312 791 1398 831 qua

39 833 116 887 fit,
149 842 198 876 ut
235 835 346 878 alius
377 850 431 877 ex
460 835 545 877 alio
575 833 780 890 pendeat,
810 839 860 875 ut
890 832 1012 874 Libr.
1044 831 1106 874 Π.
1139 849 1177 889 p.
1212 834 1308 874 (572.
1346 835 1400 878 1).

38 890 122 933 ΙΧ.
155 893 252 935 861.
283 891 337 933 Ε.
370 892 480 934 XII.
513 894 611 933 943.
644 890 695 934 C.
727 890 782 932 al.
842 889 926 932 Est
956 889 1070 931 enim
1100 905 1152 931 ea
1178 896 1400 932 structura

38 948 246 990 orationis
285 948 396 991 adeo
437 949 615 1002 crebra,
655 955 704 991 ut
744 947 815 989 hic
859 946 1035 1001 quidem
1077 947 1275 1002 exempla
1306 947 1401 990 eius·

36 1004 190 1047 afferre
236 1007 474 1061 poeniteat.
566 1005 665 1050 Nec
710 1019 816 1046 vero
865 1003 952 1045 huc
998 1002 1260 1046 trahendum
1313 1005 1398 1046 fuit

38 1060 147 1103 illud
172 1061 438 1116 γιγνόμενον
456 1062 634 1118 γίγνοιτ’
656 1060 710 1104 ἄν
729 1060 792 1102 II.
812 1077 855 1116 p.
877 1062 974 1102 660.
1008 1061 1064 1102 Ι).
1099 1061 1203 1102 VII.
1233 1078 1277 1118 p.
1301 1063 1396 1105 791.

39 1116 90 1160 C.
133 1118 246 1160 XII.
287 1135 330 1175 p.
370 1122 468 1163 908.
518 1119 569 1162 C.
609 1119 669 1161 X.
714 1134 756 1174 p.
797 1119 894 1160 906.
934 1117 988 1159 E.
1031 1117 1084 1160 al.
1157 1118 1241 1160 Est
1283 1119 1399 1160 enim

39 1174 147 1217 haec
184 1176 307 1218 verbi
347 1176 462 1218 εἶναι
502 1183 547 1219 et
578 1179 816 1229 γίγνεσθαι
847 1175 1100 1216 coniunctio
1131 1189 1228 1216 cum
1260 1177 1397 1231 parti·

39 1231 165 1287 cipiis
205 1233 498 1289 scriptoribus
541 1231 725 1276 Graecis
775 1239 864 1273 tam
907 1232 1094 1286 usitata,
1143 1238 1208 1274 ut⁴
1231 1247 1313 1275 nec
1351 1233 1398 1275 in

40 1289 265 1345 Legibus,
306 1291 476 1333 etiamsi
514 1290 576 1332 ibi
606 1289 803 1332 crebrius
836 1294 1095 1343 usurpetur,
1136 1289 1226 1331 ullo
1267 1288 1399 1332 modo

37 1343 269 1402 displicere
309 1353 386 1389 aut
415 1346 636 1390 offendere
666 1346 820 1402 possit.
888 1344 1077 1387 Accedit
1108 1345 1228 1400 quod
1256 1347 1301 1389 in
1331 1353 1396 1389 ta-

37 1401 151 1445 libus
189 1402 456 1458 γιγνόμενυν
497 1404 587 1446 fere
630 1404 747 1446 idem
790 1409 856 1445 est
886 1401 1007 1457 quod
1038 1406 1074 1443 εὶ
1099 1406 1314 1457 γίγνοιτο,
1348 1412 1397 1446 ut

37 1459 279 1502 rectissime
319 1476 417 1503 cum
455 1461 635 1514 γίγνοιτ’
678 1459 732 1502 ἄν
767 1460 824 1502 sit
854 1460 1150 1502 coniunctum.
1212 1461 1397 1503 Praeter

36 1517 341 1559 necessitatem
384 1533 516 1574 porro
545 1524 753 1573 tanquam
789 1516 1030 1574 singularia
1058 1515 1273 1570 quaedam
1303 1518 1398 1574 pla·

37 1586 179 1627 neque
208 1574 318 1616 mira
343 1574 722 1631 reprehenduntur
751 1573 826 1616 illa
857 1574 980 1616 Libr.
1012 1573 1097 1616 IX.
1128 1589 1173 1630 Ρ.
1206 1576 1305 1618 869.
1337 1577 1395 1619 Α.

39 1629 198 1691 ὀρθῶς
235 1629 343 1673 μετά
385 1636 522 1682 δίκης.
565 1639 608 1674 et
650 1632 710 1675 X.
742 1647 784 1688 Ρ.
818 1632 915 1674 893.
945 1630 1004 1672 D.
1036 1633 1135 1672 τοτὲ
1165 1634 1246 1683 μὲν
1275 1635 1396 1675 ἔστιν

38 1685 124 1728 ὅτε.
197 1687 314 1730 Nam
360 1688 482 1731 istud
535 1688 692 1742 ὀρθῶς·
732 1688 843 1741 μετὰ
890 1689 1016 1739 &sung
1063 1694 1183 1730 certe
1223 1693 1270 1730 ἐκ
1317 1706 1395 1731 πα-

37 1741 254 1796 ραλλήλου
301 1745 408 1789 satis
455 1747 618 1789 usitate
670 1745 831 1788 dicitur
875 1759 957 1787 nee
1012 1744 1152 1802 magis
1211 1745 1397 1789 offendit

39 1813 168 1854 quam
208 1799 318 1843 ἑκών
355 1807 403 1844 ἐκ
442 1808 657 1857 προνοίας
694 1803 778 1845 Χ1.
824 1817 867 1857 p.
899 1802 995 1843 932.
1028 1800 1082 1846 Ε.
1111 1807 1174 1851 εὶς
1203 1802 1395 1859 δύναμιν

39 1857 64 1895 ὅ
93 1873 137 1897 τι
173 1856 366 1910 μάλιστα
400 1859 523 1902 Libr.
545 1860 627 1902 IV.
668 1876 710 1916 p.
742 1861 837 1903 717.
857 1857 908 1900 C.
940 1858 997 1899 V.
1039 1874 1082 1914 Ρ.
1127 1860 1222 1901 739.
1267 1859 1320 1904 C.
1339 1861 1395 1904 E.

37 1912 120 1956 VI.
158 1928 202 1969 p.
245 1915 342 1959 766.
379 1917 436 1957 A.
477 1918 571 1960 777.
614 1916 673 1958 D.
715 1917 810 1959 783.
841 1915 898 1957 D.
928 1914 1013 1956 XI.
1046 1930 1088 1970 p.
1121 1916 1221 1958 923.
1253 1915 1305 1958 C.
1338 1916 1396 1966 ὠς

37 1967 311 2020 ὁσιωτάτους
359 1970 470 2014 κατὰ
509 1971 701 2027 δύναμιν
747 1971 833 2013 ΙΧ.
872 1987 914 2027 p.
967 1972 1064 2014 877.
1102 1971 1162 2012 D.
1203 1972 1311 2016 VII.
1383 2006 1394 2016 .

37 2026 133 2068 817.
171 2025 226 2068 Β.
271 2027 342 2069 ὅτι
382 2027 660 2086 σμικροτάτῳ
701 2029 813 2070 κατὰ
858 2025 1048 2081 δύναμιν
1084 2027 1169 2069 XI.
1212 2030 1309 2072 919.
1341 1990 1393 2073 ὃ.

36 2086 84 2124 ἐκ
121 2084 203 2125 τοῦ
244 2087 512 2140 παραχρῆμα
561 2086 773 2141 ἐξαίφνης
810 2083 895 2126 ΙΧ.
936 2100 978 2139 p.
1021 2085 1118 2127 867.
1157 2087 1214 2128 A.
1257 2091 1304 2128 ἐν
1341 2090 1394 2139 τῆ

37 2137 233 2194 ἀληθείᾳ
273 2139 332 2191 ὥς
374 2142 563 2194 άληθῶς
604 2141 786 2184 Lachet.
826 2156 868 2207 Ρ.
911 2141 1003 2184 183.
1047 2140 1098 2183 C.
1138 2140 1276 2201 ταύτῃ
1318 2134 1391 2187 212⁴}

39 2195 148 2237 κατὰ
186 2197 326 2239 ταῦτα
362 2199 433 2241 vel
473 2198 588 2241 οὕτω
631 2203 704 2241 καὶ
742 2214 854 2240 κατα
895 2199 1034 2240 ταῦτα
1065 2197 1100 2241 Ι.
1128 2214 1172 2255 Ρ.
1205 2201 1302 2243 626.
1332 2203 1390 2244 A.

38 2251 97 2294 X.
115 2267 157 2309 p.
185 2253 280 2296 889.
304 2254 354 2297 C.
377 2255 462 2298 XI.
494 2271 536 2312 p.
569 2258 665 2298 914.
698 2256 749 2297 E.
782 2271 922 2313 παντῃ
954 2252 1151 2308 πάντως,
1185 2256 1394 2311 οὐδαμῶς

39 2307 225 2368 οὐδαμῇ,
246 2309 366 2360 ὅπως
386 2316 459 2356 καὶ
482 2314 584 2369 ὅπῃ,
610 2313 664 2355 al.
693 2311 746 2354 de
774 2311 932 2367 quibus
964 2328 1002 2353 V.
1035 2310 1090 2352 ad
1122 2311 1235 2355 Phil.
1258 2330 1300 2369 p.
1322 2317 1390 2357 60.

37 2363 89 2406 C.
120 2365 261 2422 Legg.
290 2367 376 2410 ΙΙΙ.
407 2386 448 2426 p.
480 2371 574 2413 681.
609 2370 663 2413 D.
694 2369 776 2411 IV.
810 2370 905 2411 714.
939 2368 994 2409 D.
1027 2368 1108 2410 VI.
1141 2385 1182 2425 p.
1214 2372 1310 2413 765.
1339 2373 1390 2414 Β.

36 2419 95 2465 X.
132 2436 172 2477 p.
213 2424 308 2466 899.
349 2429 406 2469 A.
445 2426 495 2469 B.
533 2426 642 2468 XII.
674 2441 716 2481 p.
748 2426 846 2468 966.
877 2425 933 2466 Α.
971 2426 1068 2466 947.
1108 2425 1166 2469 D.
1207 2442 1259 2470 ac
1326 2428 1392 2470 lu·

37 2477 147 2518 rima
165 2488 374 2535 cognata,
406 2482 460 2525 de
491 2484 651 2538 quibus
682 2499 721 2525 v.
751 2480 1045 2525 Heindorf.
1075 2482 1132 2523 ad
1164 2444 1390 2529 Phaeci'on.

39 2549 83 2631 p).
103 2535 170 2576 66.
193 2533 242 2578 C.
273 2536 524 2583 Boisson.
558 2540 613 2582 ad
642 2540 816 2595 Eunap.
839 2539 998 2594 p.163.
1029 2554 1093 2592 sq.
1114 2539 1389 2586 Maittair.

87 2604 110 2632 e
141 2590 325 2636 Dialect.
352 2595 510 2640 Graec.
539 2614 581 2656 p.
614 2599 682 2639 97.
744 2594 877 2650 Quod
916 2609 1019 2637 vero
1051 2611 1149 2638 cum
1182 2601 1282 2639 τοτὲ
1310 2603 1391 2654 μὲν

41 2647 316 2691 consociatur
344 2655 462 2696 ἔστιν
491 2654 587 2707 ὅτε,
622 2653 666 2695 id
698 2653 815 2709 apud
844 2651 987 2708 ipsum
1017 2652 1247 2697 Platonem
1280 2670 1387 2710 quo-

1081 2732 1113 2774 F
