1644 2886
200 618 237 658 Ι)

283 109 359 149 156
783 109 865 149 1³1,
881 107 1147 152 ATONIS

276 222 570 276 ἀγορανόμων
617 226 710 277 πὲρι
745 238 816 263 και
851 222 1114 278 ἀστυνόμων
1153 218 1205 274 ἦν
1241 222 1342 278 ἡμῖν
1378 225 1605 279 ἑπόμενον.

279 292 456 330 ἕποιντο
501 286 538 327 δ’
592 284 650 328 ἂν
693 286 960 341 αγρονόμοις
1002 305 1047 343 γε
1092 288 1335 343 ἀστυνόμοι
1371 299 1483 347 τρεῖς
1517 291 1609 343 ἑξή-

278 368 413 395 κοντα
461 345 580 400 οὖσι,
626 354 745 412 τριχῆ
790 352 955 395 ὄωδεκα
999 359 1106 409 μέρη
1148 356 1225 407 τῆς
1260 355 1422 406 πόλεως
1459 359 1608 399 διαλα-

274 417 450 472 βόντες,
502 417 761 470 μιμούμενοι
807 423 994 468 ἐκείνους
1027 422 1114 462 τῶν
1149 437 1193 462 τε
1229 420 1344 463 ὀὸῶν
1379 423 1607 476 ἐπιμελού-

275 499 399 537 μενοι
435 484 522 525 τῶν
556 481 669 525 κατὰ
708 482 757 526 τὸ
794 482 904 527 ἄστυ
938 490 1012 528 καὶ
1047 487 1133 527 τῶν
1169 491 1212 529 ὲκ
1236 489 1310 538 τῆςΙ
1330 464 1475 543 χώρας
1509 490 1609 531 λεω-

278 547 430 605 φόρων
475 552 533 597 εὶς
579 548 660 599 τὴν
707 550 835 592 πόλιν
885 550 952 593 ἀεὶ
989 558 1231 605 τεταμένων
1265 556 1334 594 καὶ
1371 555 1458 595 τῶν
1494 559 1608 597 oino-

279 616 467 667 δομιῶν,
511 618 584 656 ἴνα
620 614 733 657 κατὰ
771 614 936 669 νόμους
971 620 1204 670 γίγνωνται
1240 620 1401 668 πᾶσαι,
1448 622 1518 661 καὶ
1554 619 1606 671 δὴ

277 683 348 723 καὶ
386 682 474 722 τῶν
507 678 699 731 ὑδάτων,
739 678 865 724 ὁπόσ’
907 681 965 724 ἂν
1000 681 1153 733 αὐτοῖς
1188 688 1382 738 πέμπωσι
1417 689 1488 727 και
1526 703 1607 728 πα·

278 747 515 801 ραδιὸῶσιν
559 750 599 788 οἱ
633 749 930 803 φρουροῦντες
966 752 1343 803 τεθεραπευμένα,
1389 748 1508 799 ὅπως
1551 757 1610 802 εὶς

280 811 358 861 τὰς
392 809 556 865 κρήνας
590 811 720 854 ἱκανοὶ
755 815 826 856 καὶ
861 813 1048 867 καθαρά
1083 815 1357 869 πορευόμενα
1393 820 1529 876 κοσμῇ
1564 834 1607 861 τε

277 875 371 933 ἅμα
416 894 487 919 και
524 877 667 937 ωφελῆ
716 878 797 930 τὴν
832 878 972 921 πόλιν.
1022 882 1084 922 δεῖ
1119 878 1172 932 δὴ
1207 899 1278 922 και
1322 881 1502 931 τούτους
1537 886 1607 925 δυ-

278 941 442 992 νατούς
486 960 530 985 τε
566 943 673 986 εἶναι
719 946 789 986 καὶ
825 944 1119 999 σχολάζοντας
1155 948 1239 988 τῶν
1275 950 1432 989 κοινῶν
1468 953 1608 1003 ἐπιμε-

278 1012 479 1052 λεῖσθαι·
517 1008 582 1051 διὸ
619 1012 936 1066 προβαλλέσθω
975 1013 1053 1065 μὲν
1089 1014 1175 1061 πᾶς
1210 1011 1324 1065 ἀνὴρ
1363 1019 1407 1055 ὲκ
1429 1017 1515 1055 τῶν
1537 1033 1607 1069 με·

368 1137 451 1190 Cnp.
480 1136 524 1168 X.
572 1137 609 1168 O.
661 1139 726 1169 καὶ
751 1134 882 1170 datm
893 1149 1009 1177 ομων
1034 1133 1101 1179 ἧι]
1128 1133 1170 1180 ἦν
1195 1139 1225 1170 in
1254 1140 1355 1172 litura
1381 1143 1418 1172 Α.
1450 1139 1486 1173 Ω.

369 1178 642 1223 ἀγρονόμοις
674 1194 717 1225 γε
741 1180 997 1224 ἀστυνόμοι]
1028 1183 1119 1215 Libri
1146 1194 1194 1223 τε,
1219 1185 1309 1225 quod
1339 1187 1453 1217 Astius
1479 1193 1512 1219 et
1535 1187 1606 1220 'Pu-

279 1228 433 1260 ricenses
459 1228 646 1268 eiecerunt3
673 1239 737 1260 nos
764 1234 952 1271 praeeunte
972 1229 1131 1261 Bekkero
1157 1229 1186 1260 in
1214 1240 1251 1270 γε
1275 1232 1491 1264 mutavimus.
1520 1233 1607 1266 Her-

279 1282 420 1305 mannus
447 1273 543 1304 uncis
567 1275 719 1305 seclusit.

369 1314 431 1349 ἀεὶ
467 1318 735 1360 τεταμένων]
773 1321 884 1359 Vulgo
912 1317 1131 1360 τεταγμένων,
1157 1322 1292 1360 praeter
1319 1320 1419 1352 fidem
1447 1322 1605 1355 librorum

280 1366 318 1395 A.
350 1361 388 1394 Ω.
415 1362 446 1395 h.
473 1373 498 1395 r.
525 1374 555 1395 a.
586 1374 613 1395 c.
644 1374 679 1396 X.
729 1363 807 1396 Mox
837 1375 898 1405 pro
926 1362 1008 1396 κατὰ
1031 1362 1161 1402 νόμους
1191 1361 1227 1394 Ω.
1258 1364 1280 1395 f.
1308 1364 1337 1396 h.
1363 1375 1388 1396 r.
1415 1376 1443 1397 a.
1470 1377 1496 1398 c..
1526 1367 1605 1400 κατὰ

278 1407 420 1448 μόνους.

279 1518 416 1573 ρέσεως
429 1515 655 1574 ἀγορανόμων
682 1521 736 1551 καὶ
761 1515 904 1552 ἀστυνό-

277 1575 349 1604 μων
372 1560 456 1606 (ὥς)
481 1560 665 1606 ἀρχόντων.

323 1606 599 1651 ἀγρονόμοις
642 1621 686 1651 γε
731 1605 907 1641 ἀστυνό-

277 1655 368 1696 μοι]
398 1654 487 1686 [ibri
514 1666 556 1686 τε.
584 1655 684 1689 Quod
709 1665 813 1695 quum
841 1665 907 1687 non

277 1700 399 1732 habeat
416 1710 578 1740 quorsum
597 1700 776 1740 referatur,
798 1701 908 1732 Asti-

278 1755 325 1778 us
350 1749 384 1777 et
403 1745 613 1778 Turicenses
638 1749 803 1786 protenus
830 1745 907 1777 inud

275 1794 526 1832 expunxerunt,
549 1790 580 1822 H
595 1800 821 1823 ermannus
848 1799 907 1822 un-

276 1836 324 1868 cle
355 1835 507 1867 seclusit.
561 1834 703 1867 Cautius
736 1836 909 1876 aliquanto

278 1881 525 1917 Bekkerus,
559 1881 615 1920 qui
649 1892 682 1912 τε
713 1880 745 1911 in
771 1891 808 1922 γε
834 1890 906 1912 mu-

275 1925 371 1957 tavit.
419 1925 521 1961 Quod
543 1926 639 1957 uobis
665 1935 800 1966 quoque
826 1935 906 1966 pro-

274 1972 374 2003 batur
398 1971 505 2010 unice,
527 1973 630 2012 atque
657 1970 780 2012 placuit
806 1971 906 2002 etiam

273 2015 562 2048 Schneidero.
614 2016 693 2048 Hoc
731 2016 820 2047 enim
853 2015 902 2047 di-

273 2061 339 2094 cit:
404 2070 607 2101 agrorum
669 2065 907 2093 curatores

273 2110 396 2138 certe
422 2110 662 2146 sequentur
686 2116 823 2138 rerum
845 2115 907 2137 ur—

273 2152 322 2183 ba
337 2161 356 2182 n
372 2161 388 2182 a
402 2160 445 2182 ru
460 2161 490 2182 m
523 2155 771 2190 curatores,
814 2150 908 2182 iiiia

275 2205 325 2228 eo
351 2195 546 2234 simite„
577 2195 687 2236 quod
723 2196 905 2227 curatio-

276 2250 366 2272 nem
394 2240 552 2272 habent
577 2246 639 2273 ctr.
667 2241 788 2281 Itaque
803 2236 907 2282 ἄγρο-

272 2283 392 2323 ’νόμιυν
416 2286 511 2317 notio
536 2290 693 2327 tunquam
714 2287 909 2326 extollitur,

274 2331 399 2372 quippe
424 2340 510 2370 quos
534 2331 607 2362 iure
639 2331 794 2372 proxime
818 2332 910 2363 exci-

276 2377 370 2416 piant
415 2372 614 2415 ἀστυνόμοι.
679 2377 906 2419 Participium

274 2419 532 2460 ἐπιμελούμενοι
563 2420 702 2461 modum
735 2425 769 2454 et
805 2423 906 2454 ratio-

275 2476 352 2499 nem
387 2465 533 2506 indicat,
563 2476 631 2507 quo
665 2467 743 2498 iilos
769 2467 905 2499 imiten-

275 2517 347 2550 tur,
396 2511 546 2552 ideoque
585 2512 724 2543 inservit
761 2511 905 2544 iilustra—

275 2557 357 2589 tioui
407 2555 645 2598 praecedentis
695 2555 904 2596 μιμούμενοι.

275 2602 495 2643 Quapropter
521 2606 599 2643 post
622 2601 775 2634 ἐκείνους
799 2604 902 2635 inter-

231 2654 233 2656 ·
275 2648 493 2686 punctionem
525 2645 730 2680 sustulimus.

1020 1515 1085 1551 ἀεὶ
1126 1518 1379 1568 τεταμένων]
1423 1521 1606 1555 verissima

975 1564 1058 1597 haec
1083 1568 1137 1596 est
1165 1560 1322 1596 co'dicum
1353 1566 1531 1599 meliorum
1558 1569 1605 1600 ie-

974 1610 1056 1650 ctio,
1083 1619 1143 1651 pro
1169 1619 1234 1650 qua
1260 1610 1362 1651 vulgo
1387 1612 1605 1645 circumfere-

975 1656 1074 1687 batur
1114 1653 1330 1695 τεταγμένων.
1393 1655 1501 1688 Usum
1551 1661 1604 1691 Ιο-

974 1699 1101 1741 quendi
1134 1699 1318 1730 iilustravit
1349 1699 1531 1734 Dorviti.
1561 1704 1604 1735 ad

976 1744 1104 1776 Charit.
1138 1754 1170 1784 p.
1202 1743 1280 1778 594.
1315 1744 1368 1776 ed.
1406 1746 1500 1787 Lips.
1543 1759 1606 1780 nec

977 1790 1073 1822 huius
1099 1789 1443 1823 iociimmemoriiie.
1470 1792 1603 1824 Utrius-

974 1845 1040 1876 que
1054 1834 1148 1866 verbi
1165 1835 1446 1875 permutationem
1459 1837 1490 1868 in
1504 1837 1603 1869 codd.

975 1889 1041 1912 non
1083 1889 1162 1911 esse
1201 1879 1469 1920 infrequentem‚
1508 1893 1604 1923 prae-

975 1931 1027 1957 ter
1041 1925 1127 1956 aiios
1153 1924 1378 1956 ostenderunt
1407 1927 1604 1960 Abresch.

977 1970 1173 2002 Dilucidatt.
1206 1969 1356 2011 T.hucyd
1391 1981 1423 2012 p.
1462 1972 1537 2007 738.
1572 1979 1606 2005 et

975 2014 1369 2058 Schweighaeuser
1389 2016 1432 2048 ad
1453 2017 1547 2059 Simp
1553 2019 1603 2050 iic

976 2071 1008 2101 p.
1050 2055 1127 2093 195.
1165 2060 1324 2092 Duker.
1363 2059 1406 2091 ad
1446 2062 1602 2104 Thucyd.

979 2106 1056 2137 VII.
1088 2104 1142 2138 71.
1175 2106 1218 2136 ai.
1274 2103 1361 2136 Vide
1393 2107 1495 2139 etiam
1529 2119 1604 2141 anu.

975 2150 1017 2183 ad
1036 2161 1067 2191 p.
1086 2150 1225 2184 770.D
1241 2167 1285 2174 --
1330 2146 1442 2185 ἅεὶί.
1469 2162 1502 2193 q.
1528 2153 1602 2185 ὲκεί-

977 2206 1092 2233 στοτε,
1117 2199 1154 2228 ut
1179 2195 1383 2227 sexcenties.

1022 2286 1062 2318 D.
1129 2283 1603 2339 διαχειροτονηθέντωι

977 2329 1020 2362 δὲ
1052 2329 1116 2361 καὶ
1147 2325 1429 2369 ἀφικομένων
1463 2331 1526 2364 εἰς
1551 2333 1602 2374 &fig

978 2371 1042 2408 οἷς
1066 2371 1115 2407 ἂν
1140 2375 1197 2406 ni..
1225 2386 1254 2416 γ.
1272 2375 1330 2416 —]
1360 2377 1455 2410 Haec
1479 2378 1602 2412 vitiosa

975 2423 1137 2474 putarunt
1182 2419 1468 2455 Heindorfius
1513 2423 1600 2465 Spe-

975 2467 1052 2501 cim.
1069 2466 1155 2499 Crit.
1178 2475 1209 2505 p.
1226 2464 1281 2498 35.
1308 2471 1408 2508 atque
1434 2469 1600 2505 Aetius

972 2511 1027 2552 qui
1054 2514 1133 2552 post
1146 2508 1195 2541 εἰς
1216 2510 1498 2567 interponendum
1523 2524 1600 2546 seu-

972 2559 1112 2589 suerunt
1139 2556 1258 2596 κρίσιν
1309 2561 1421 2599 Atque
1455 2560 1485 2590 in
1515 2568 1600 2602 eanr

971 2601 1048 2634 dem
1075 2602 1279 2633 sententiam
1316 2603 1476 2635 discessit
1501 2603 1599 2636 etiarn

973 2646 1381 2689 Winckeimanuus‚
1405 2650 1460 2689 qui
1488 2653 1599 2682 tamen
