1644 2886
201 298 238 337 B

288 115 361 154 176
755 114 1127 159 PLATONIS

285 227 427 280 ζώων,
476 226 572 268 ἀλλ’
623 225 648 278 ἢ
696 229 772 270 τοῦ
806 233 998 283 χραίνειν
1035 228 1061 282 ἢ
1097 231 1401 286 ἀποχραίνειν,
1440 235 1463 286 ἢ
1499 236 1521 279 ὅ
1560 255 1598 279 τι

284 293 443 345 δήποτε
487 294 666 334 καλοῦσι
714 293 763 336 τὸ
813 297 1018 339 τοιοῦτον
1062 301 1104 339 οἱ
1151 297 1391 356 ζωγράφων
1435 306 1597 356 παῖδες,

286 359 365 402 οὐκ
401 356 459 399 ἄν
494 374 598 400 ποτε
633 362 747 402 δοκεῖ
780 360 1048 405 παύσασθαι
1082 366 1327 417 κοσμοῦσα,
1374 365 1477 417 dign
1513 374 1599 412 ἐπί-

284 430 405 467 δοσιν
438 422 584 477 μηκέτ’
626 427 734 479 ἔχειν
769 430 827 475 εὶς
863 428 910 470 τὸ
948 431 1104 471 καλλίω
1141 445 1183 472 τε
1217 434 1287 473 καὶ
1318 434 1597 491 φανερώτερα
1628 454 1631 458 ·

280 493 512 543 γίγνεσθαι
548 488 599 532 τὰ
638 498 909 546 γεγραμμένα
955 521 999 526 --—

380 557 482 598 KA.
552 557 724 611 Σχεδὸν
772 562 903 601 ἐννοῶ
952 559 1122 603 ἀκούων
1169 565 1240 605 καὶ
1286 563 1421 615 αὐτὸς
1457 568 1596 608 ταῦτα

279 621 306 663 ἃ
343 624 494 675 λέγεις·
541 626 628 665 ἐπεὶ
678 626 875 678 ἐνῑριβής
910 643 954 677 γε
991 627 1192 680 οὐδαμῶς
1229 634 1384 683 γέγονα
1421 634 1471 692 τῇ
1507 649 1596 675 τοι·

279 689 388 747 aurp
426 691 560 747 τέχνῃ.

378 754 476 796 ΑΘ.
547 755 633 797 Καὶ
670 755 794 798 οὐδὲν
829 774 873 809 γε
910 757 1108 813 ὲβλαβηξ.
1141 761 1410 814 χρησώμεθα
1445 781 1489 817 γε
1509 763 1598 818 μὴν

278 821 336 874 τῷ
374 822 454 862 νῦν
479 821 776 877 παρατυχόντι
803 826 895 875 περὶ
916 825 1053 877 αὐτῆς
1073 823 1176 878 ἡμῖν
1197 827 1311 879 λόγῳ
1335 826 1383 870 τὸ
1408 831 1595 872 τοιόνδε·

278 885 335 935 ὡς
379 888 416 929 εἴ
459 893 560 929 ποτέ
607 904 669 937 τις
715 888 951 940 ἐπινοήσειε
997 890 1168 949 γράψαι
1204 908 1246 934 τε
1281 891 1337 942 ὡς
1366 894 1596 938 κάλλιστον

374 1015 412 1046 Β.
462 1013 543 1090 οΩὐκ
574 1014 622 1048 α”ν
653 1027 755 1048 ποτε
788 1017 930 1059 δοκεῖ]
966 1019 1001 1052 V.
1033 1018 1128 1059 δοκῇ.
1166 1020 1397 1055 Emendarunt
1428 1033 1468 1055 ex
1503 1027 1541 1056 Α.
1565 1034 1595 1055 n.

281 1064 315 1091 et
339 1069 442 1101 marg.
506 1085 511 1091 .

369 1102 532 1146 γράψαί
560 1116 597 1137 τε
629 1103 703 1148 ὥς]
737 1106 792 1139 Sic
824 1107 1016 1149 scripsimus
1050 1118 1123 1141 curn
1158 1110 1312 1143 Heusdio
1337 1111 1486 1154 Specim.
1513 1112 1595 1144 Crit.

280 1161 311 1191 p.
341 1150 418 1184 101.
448 1161 509 1192 pro
535 1152 624 1191 vulg.
651 1150 775 1192 γράψαι
799 1152 889 1184 τέως.
940 1155 1066 1188 Verum
1100 1156 1200 1188 etiam
1239 1158 1373 1196 Anius,
1408 1158 1582 1190 Bekkerus

278 1195 483 1228 'ruricenses
508 1197 739 1229 restituerunt.

368 1240 407 1272 C.
454 1241 520 1272 ἐπὶ
554 1240 598 1273 τὸ
631 1240 922 1284 φαυλότερον]
959 1243 996 1275 τὸ
1029 1255 1096 1278 om.
1126 1248 1164 1277 Α.
1198 1252 1232 1278 et
1262 1257 1326 1280 rec.
1357 1245 1394 1279 Ω.
1433 1249 1597 1289 probante

279 1285 497 1319 Schneidero.
548 1287 648 1320 Falso
677 1290 763 1320 enim
790 1289 966 1322 Bekkerus
994 1291 1067 1323 Vnt.
1098 1296 1209 1323 narrat
1234 1302 1283 1333 pr.
1311 1290 1347 1324 τὸ
1371 1295 1540 1326 omittere.
1568 1304 1595 1325 v.

278 1331 438 1373 explicat.

240 2577 244 2580 '
278 2573 549 2614 schattiren3

279 1446 320 1473 et
352 1442 661 1475 evidentiores.
725 1442 829 1476 Deest
867 1443 908 1475 ad

280 1486 362 1520 haec
386 1488 572 1529 apodosis3
602 1498 687 1529 qnae
712 1494 844 1529 tamen,
878 1489 908 1520 si

278 1531 414 1573 quidem
453 1542 588 1565 sensum
631 1538 845 1574 spectamus,
875 1534 906 1565 in

278 1578 443 1618 proximis
474 1579 666 1610 continetur
702 1580 769 1611 aiio
803 1578 907 1610 modo

277 1633 453 1664 expressa.
500 1623 733 1657 Quamobrem
764 1629 841 1666 post
869 1621 907 1655 τὰ

280 1667 488 1710 γεγραμμένα
526 1668 701 1711 interrupti
742 1670 907 1702 sermonis

276 1714 406 1755 signum
428 1714 658 1756 apposuimus.
706 1714 792 1748 Nihil
819 1715 905 1747 enim

276 1758 361 1791 vidit
395 1760 565 1799 Astius,
598 1760 653 1800 qui
690 1764 768 1802 post
798 1755 907 1792 Oton’

279 1802 330 1835 ὅτι
378 1814 453 1837 voc.
501 1802 656 1846 καθάπερ
705 1804 905 1837 eiiciendnm

278 1850 419 1884 censuit.
470 1850 557 1882 Sunt
582 1860 663 1882 vero
691 1848 730 1882 τὰ
755 1850 825 1891 ζῶα
849 1852 906 1892 pi-

276 1898 449 1936 cturae,
499 1896 641 1937 pictae
682 1897 906 1936 imagines,

276 1950 342 1972 non
356 1941 460 1973 modo
485 1941 693 1979 animalium,
718 1941 778 1973 sed
804 1942 904 1974 etiam

276 1986 417 2019 aliarum
449 1996 580 2025 rerum,·
608 1996 672 2028 qua
708 1987 739 2019 vi
777 1990 810 2018 et
843 1997 905 2028 po-

274 2034 401 2064 testate
449 2033 652 2064 vocabulum
713 2031 814 2065 etiam
873 2033 904 2064 in

275 2077 440 2118 proximis
471 2078 619 2120 ponitur.
654 2077 743 2110 conf.
772 2077 815 2109 de
841 2076 905 2110 hoc

275 2121 349 2154 eius
373 2132 437 2155 usu
468 2133 543 2156 ann.
574 2126 679 2157 nostr.
706 2123 748 2155 ad
775 2122 903 2166 Cratyl.

276 2177 308 2208 ρ.
337 2166 416 2202 430.
449 2168 494 2199 D.
532 2167 666 2201 Pontio.
700 2178 732 2210 p.
764 2167 842 2202 277.
867 2168 906 2200 C.

275 2211 685 2252 Schweighaeuser.
710 2212 752 2245 ad
772 2212 903 2245 Herod.

278 2257 300 2290 1.
328 2256 390 2298 10,
414 2257 494 2292 203.
531 2257 722 2291 Dindorf.
750 2258 792 2290 nd
818 2258 905 2290 Dio-

275 2302 349 2335 ‹ior.
377 2303 444 2335 Sic.
467 2303 528 2335 IV.
544 2313 575 2345 p.
592 2303 668 2338 155.
694 2300 903 2346 Ἀποχραί-

276 2358 365 2379 νειν
386 2353 439 2380 est
463 2350 653 2382 colorem
681 2350 737 2382 'vei
766 2351 904 2382 iumen

276 2394 420 2426 umbra
455 2398 720 2435 temperare,
753 2399 790 2427 ut
822 2395 906 2426 scite.

277 2440 426 2481 explicat
464 2440 630 2473 Astius.
688 2439 747 2471 Sic
782 2439 905 2473 inteni-

277 2484 423 2525 gendum
440 2484 580 2516 verbum
604 2489 659 2517 est
683 2485 783 2518 etiam
803 2485 903 2526 Reip.

278 2530 341 2563 ΙΧ.
375 2540 407 2572 ρ.
441 2529 519 2564 586.
554 2530 591 2562 Β.
641 2529 712 2562 Nos
741 2531 903 2563 dicimus=

612 2575 682 2607 die
741 2575 903 2608 Farben

277 2620 499 2660 abstnfen3
541 2619 667 2653 durch
710 2620 902 2662 Lichtge-

278 2666 387 2706 bung
418 2664 564 2698 beben.
597 2684 640 2690 —-
687 2666 903 2699 Formulam:

977 1445 1015 1477 οἱ
1039 1444 1230 1488 ζωγράφων
1260 1444 1391 1484 παῖδες,
1422 1448 1442 1478 i.
1478 1459 1506 1479 e.
1540 1449 1595 1490 pi-

975 1495 1143 1530 ctores,
1175 1492 1216 1523 nd
1249 1493 1304 1524 tv.
1330 1503 1362 1534 p.
1388 1492 1464 1526 720.
1495 1493 1532 1525 Β.
1556 1494 1593 1525 ii-

974 1536 1199 1569 lustravimus.

1022 1603 1058 1635 B.
1108 1602 1276 1644 Σχεδὸν
1307 1603 1440 1636 ἐννοῶ
1471 1601 1596 1638 ἀκού-

975 1649 1052 1690 ων]
1080 1649 1129 1681 De
1149 1646 1290 1682 ἁκούων
1306 1660 1335 1681 ν.
1362 1650 1405 1682 ad
1431 1650 1537 1692 Gorg.
1564 1662 1596 1693 p.

973 1694 1051 1729 503.
1079 1695 1117 1726 C.

1020 1761 1059 1793 C.
1109 1762 1173 1792 καὶ
1200 1758 1316 1793 τοῦτ’
1340 1758 1394 1795 αὖ
1416 1762 1595 1805 μηδέπο-

976 1816 1015 1837 τε
1038 1824 1080 1829 —-
1105 1803 1169 1838 ἀεὶ
1191 1804 1373 1849 χρόνου]
1400 1814 1440 1840 et
1465 1810 1497 1841 si
1523 1809 1597 1842 hoc

973 1852 1074 1883 item
1122 1852 1316 1884 voluerit
1367 1852 1597 1896 (ἐπινοήσειε)

974 1906 1191 1937 nunquam
1244 1898 1343 1930 fieri
1381 1900 1596 1942 deterius,

973 1941 1046 1975 sed
1095 1942 1365 1985 procedente
1407 1950 1597 1987 tempore

974 1997 1132 2028 semper
1178 1987 1332 2020 meiius
1385 1991 1594 2024 existere.

971 2033 1060 2065 Inud
1078 2030 1470 2074 ώεροεῐτὸτοιόνδεεεῐε
1494 2046 1512 2068 n
1525 2030 1595 2069 a'm.

974 2079 1022 2110 De
1047 2077 1214 2111 dictione:
1246 2078 1299 2111 ἐπὶ
1324 2077 1361 2110 τὸ
1386 2080 1598 2124 φαυλότερον

972 2128 1005 2156 et
1030 2122 1082 2155 ἐπὶ
1108 2121 1144 2156 τὸ
1169 2124 1302 2165 βέλτιον
1325 2126 1413 2158 conf.
1435 2137 1523 2168 quae
1537 2128 1595 2160 ad—

971 2168 1170 2210 scripsimus
1195 2169 1236 2202 ad
1266 2169 1394 2203 Phileb.
1420 2182 1452 2212 p.
1476 2172 1531 2207 40,
1556 2173 1594 2205 C.

971 2215 1130 2257 Sympos.
1156 2226 1188 2255 p.
1214 2215 1292 2249 214.
1320 2215 1358 2247 E.
1386 2217 1439 2249 ed.
1464 2217 1497 2251 3.
1527 2219 1592 2250 Po-

972 2260 1054 2293 iitic.
1088 2271 1119 2302 p.
1152 2260 1230 2295 297.
1263 2261 1301 2293 O.
1342 2262 1430 2294 unde
1468 2265 1594 2305 perspi—

971 2314 1069 2338 cuum
1111 2305 1192 2345 erit,
1246 2316 1304 2338 cnr
1342 2304 1379 2337 τὸ
1416 2309 1592 2341 articulum

973 2350 1072 2382 etiam
1097 2354 1176 2383 ante
1200 2349 1412 2393 φαυλότερον
1436 2363 1593 2387 servave-

972 2405 1090 2427 rimus.

1016 2439 1214 2481 ξυννοεῖε
1245 2438 1308 2472 ὅτι
1347 2441 1510 2484 θνητὸς
1541 2441 1594 2475 ὢν

971 2485 1034 2527 —J
1064 2485 1162 2518 Istud
1186 2484 1318 2528 θνητὸς
1349 2485 1396 2519 ὢν
1419 2490 1452 2520 in
1480 2490 1591 2530 proxi-

971 2531 1035 2563 mis
1066 2530 1142 2563 nihii
1171 2530 1272 2564 habet
1301 2542 1464 2574 quorsum
1489 2535 1591 2575 perti-

969 2579 1058 2608 neat.
1107 2576 1268 2610 Nimirum
1302 2579 1412 2611 oratio
1435 2582 1487 2611 est
1507 2574 1589 2610 α’να-

969 2619 1161 2658 κόλουθος,
1199 2623 1467 2665 qnandoquidem
1483 2648 1491 2656 ,-
1506 2624 1589 2657 inse-

970 2667 1038 2699 rius
1078 2668 1209 2708 pauliQ
1251 2673 1378 2701 mutato
1421 2670 1588 2702 sermonis
1630 2682 1636 2705 ξ
