1644 2886
164 45 174 60 t

211 90 292 131 DE
331 90 603 134 LEGIBUS
641 91 757 134 LlB.
793 92 896 135 Vll.
935 92 983 134 Γ.

66 206 242 240 Quocirca
274 210 408 239 tautum
434 206 534 239 abest
565 210 604 239 ut
628 206 712 239 illud

65 253 97 284 in
137 252 271 285 fraudis
306 253 540 296 suspicionem
582 262 711 284 vocan-

65 297 146 331 dum
173 299 299 340 fuerit,
331 308 370 331 ut
395 301 498 340 longe
531 299 578 330 sit
603 300 711 331 veris-

65 345 188 377 simum
230 355 271 378 ac
301 345 581 377 sincerissimum.
639 345 711 377 Sed

66 390 151 423 haec
169 391 274 424 veluti
292 401 357 433 per
375 390 605 424 occasionem.
625 391 711 424 Per-

64 437 179 480 gimus
196 436 238 469 ad
254 437 425 479 proxima.
443 436 602 469 Tertium
618 437 710 470 enim

65 482 316 516 citharistarum
362 483 570 522 artificium,
617 482 710 524 quod

67 529 169 562 Plato
195 529 237 561 ab
254 529 468 562 institutione
486 529 607 571 puerili
630 539 708 571 pro·

65 575 119 608 cul
146 574 263 607 haberi
289 575 395 614 iubet,
422 575 524 606 ineo
544 577 709 614 cernitur,

64 620 155 662 qnod
189 621 237 653 illi
271 621 374 654 etiam
412 615 561 663 ὀξύτητα
599 619 710 662 βαρύ-

66 678 135 708 τητι
180 665 370 708 ξιῖμφωνον
415 667 469 697 καὶ
512 665 712 707 ἀντίφωνον

66 711 277 754 παρέχεσθαι
302 713 477 744 dicuntur.
505 713 608 747 Quod
637 723 709 746 ma·

65 759 191 792 nifesto
226 760 376 801 pertinet
412 759 455 790 ad
486 760 643 800 gravium
677 763 711 791 et

63 810 243 837 acutorum
269 814 431 837 sonorum
453 805 652 838 mixtionem
675 810 711 838 et

63 852 372 884 consociationem.
412 849 497 883 Nam
514 850 634 893 βαρεῖς
650 861 708 883 vo-

63 900 185 930 eantur
207 896 282 928 soni
307 906 453 939 grave-³,
480 893 568 937 ὀξεῖς
592 902 709 930 autem

64 944 140 975 soni
165 941 280 981 acut1⁰3
305 943 348 975 de
372 952 441 983 quo
468 943 628 983 loquendi
649 954 709 984 ge-

63 999 146 1022 nere
190 999 221 1020 v.
264 988 376 1022 Plat.
418 988 551 1021 Phileb.
587 1000 620 1031 p.
654 990 711 1024 17.

64 1035 104 1067 C.
125 1035 164 1068 D.
191 1034 307 1076 ibique
335 1038 454 1067 annot.
481 1039 588 1066 nostr.
615 1035 709 1070 Quid

61 1085 178 1114 autem
207 1081 254 1112 rei
274 1080 330 1121 sit,
356 1080 389 1112 id
407 1090 502 1120 vero,
529 1082 594 1113 nisi
610 1092 711 1123 egre-

62 1128 121 1170 gie
147 1126 315 1166 fallimur,
351 1127 550 1158 accuratius
581 1127 712 1159 indica-

63 1179 119 1206 tur
144 1172 270 1204 additis
296 1173 432 1205 verbis:
449 1170 639 1213 ξύμφωνον
657 1173 712 1205 καὶ

63 1216 280 1259 ἆντίφωνον,·
293 1227 381 1259 quae
393 1229 597 1260 quamquam
607 1220 710 1252 etiam

64 1270 270 1306 antegressa
326 1265 402 1296 cola
449 1265 712 1306 quodammodo

64 1312 255 1352 attingunt,
286 1315 398 1342 tamen
425 1312 642 1352 potissimum
669 1311 711 1343 ad

64 1361 279 1400 postremum
314 1356 425 1394 istud,
469 1353 615 1398 ὀξύτητα
645 1357 712 1399 βα-

5 1434 9 1435 ⁷
64 1402 193 1446 ρότητι,
220 1402 342 1434 referri
369 1402 595 1435 existimanda
621 1408 711 1436 sunt.

63 1449 297 1489 Quamobrem
336 1449 496 1489 quidnam
536 1450 580 1481 sit
620 1449 712 1491 quod

63 1497 105 1528 iis
140 1495 370 1535 significetur.
411 1493 610 1536 diligentius
652 1506 712 1528 ex·

63 1541 246 1584 quisivisse
271 1540 411 1576 iuvabit.
437 1541 475 1572 Iu
501 1551 568 1582 qua
595 1552 632 1574 re
655 1541 710 1581 iis,

63 1597 152 1629 quae
164 1586 404 1629 qunmabnliis
420 1589 491 1619 tum
510 1597 528 1618 a
548 1587 627 1620 Boe
644 1587 706 1619 ck-

64 1635 137 1666 liio
181 1634 230 1665 De
273 1632 393 1664 metris
438 1633 574 1666 Pindari
614 1633 709 1665 Libri

65 1680 122 1712 ΙΙΙ.
156 1679 241 1720 Cap.
266 1678 311 1709 X.
333 1678 424 1716 OW·
449 1678 591 1711 Pindar.
631 1680 709 1713 Vol.

65 1726 88 1758 l.
117 1725 154 1757 Ρ.
183 1724 224 1757 ΙΙ.
252 1733 285 1765 ρ.
312 1723 381 1758 250
405 1734 478 1765 sqq.
516 1726 559 1756 de
585 1725 709 1758 eodem

61 1774 266 1813 argumento
313 1770 481 1811 explicata
524 1775 620 1810 sunt,
667 1772 710 1803 ita

63 1821 220 1856 utemur,
256 1819 314 1855 nt,
347 1818 475 1847 nostris
504 1816 710 1857 quibusdam

63 1861 292 1902 interpositis,
307 1865 415 1893 totam
431 1860 712 1904 disputationem,

64 1913 229 1949 quantum
256 1907 327 1939 fieri
354 1910 503 1948 poterit,
530 1909 572 1939 ad
600 1919 710 1950 popu-

65 1956 170 1986 larem
211 1953 474 2006 intelligentiam
515 1963 712 1986 accommo-

63 2000 203 2048 demus..
257 1999 379 2040 ltaque
411 1994 608 2039 ἀντίφωνον
635 2001 711 2041 qui·

63 2045 144 2078 dem
185 2036 221 2077 {t
261 2043 475 2083 ἀν”τιφωιιαν
520 2049 657 2078 constat
693 2057 711 2078 a

64 2091 210 2123 Graecis
237 2091 302 2123 dici
328 2092 444 2123 solere
471 2090 513 2123 de
539 2091 579 2123 iis
602 2092 711 2131 sonis,

63 2137 120 2179 qui
145 2134 201 2168 διὰ
222 2137 352 2174 πασῶν,
379 2135 472 2178 qnod
494 2142 548 2170 est
565 2142 711 2170 octavae

65 2187 206 2216 nostrae
250 2183 486 2222 intervallum,
538 2184 630 2216 inter
672 2194 711 2215 se

66 2243 280 2282 cougruunt,
312 2240 417 2272 veluti
450 2249 553 2280 quum
581 2250 599 2271 c
633 2246 668 2273 et
693 2251 711 2272 c

65 2286 154 2317 inter
191 2296 230 2318 se
269 2285 492 2327 respondent.
557 2285 608 2318 Ex
643 2296 710 2327 quo

64 2336 221 2374 apertum
249 2335 329 2370 est,
357 2327 551 2371 ἀντίφωνον
575 2337 710 2364 cantum

66 2386 132 2408 non
172 2387 251 2409 esse
293 2377 417 2417 alium,
465 2387 567 2418 quam
611 2388 711 2419 quem

66 2423 174 2454 nostri
211 2421 385 2456 unisonum
429 2433 553 2455 vocare
586 2425 710 2456 solent.

68 2466 250 2500 Enimvero
276 2469 438 2501 convenit
471 2468 523 2500 liic
553 2470 710 2501 vocabuli

69 2522 150 2544 usus
176 2515 316 2556 egregie
341 2525 415 2547 cum
445 2515 604 2555 loquendi
627 2525 707 2547 cou-

68 2557 269 2596 suetudine,
299 2570 388 2601 quae
413 2560 445 2592 iu
471 2561 710 2593 consimilibus

69 2603 265 2635 nominibus
289 2605 451 2643 cernitur,
476 2610 514 2639 ut
532 2617 636 2648 quum
659 2606 708 2638 di-

70 2650 159 2681 citur
182 2644 374 2688 dqunnov
399 2648 622 2694 ᾰιιίμορφον,
651 2665 708 2683 αν-

71 2697 266 2735 η’στροφοι·
299 2696 422 2736 quibus
453 2699 611 2731 omnibns
650 2698 708 2730 de-

1019 93 1113 134 812.
1148 90 1211 134 St.
1347 93 1426 133 :547

780 210 934 250 signatur
972 207 1028 250 id,
1069 205 1161 249 quod
1200 205 1248 238 rei
1278 206 1427 247 cuipiam

781 265 823 288 ex
848 255 958 287 altera
988 259 1086 296 parte
1111 252 1155 285 ad
1180 253 1348 285 amussim
1371 261 1426 286 re.-

780 301 941 342 spondet.
962 300 1035 332 vid.
1052 300 1096 332 de
1115 298 1166 331 ms
1183 303 1300 331 annot.
1322 303 1429 330 nostr.

780 346 822 378 ad
855 346 984 380 i’hileb.
1018 357 1050 388 p.
1075 345 1133 379 40.
1170 344 1209 376 D.
1243 348 1278 377 et
1301 345 1357 378 51.
1383 344 1428 376 E.

781 393 930 434 Dignum
957 397 1012 425 est
1035 396 1150 424 autem
1177 390 1336 432 diligenti
1355 390 1429 422 ani-

781 439 1038 478 madversione,
1055 437 1316 470 consonantiam
1328 438 1428 469 istum

780 494 967 524 sonorum,
1000 494 1090 525 quae
1115 480 1309 523 α’ντιφωνία
1338 483 1429 515 dicta

781 535 847 569 est,
874 530 1020 564 eandem
1055 536 1088 562 et
1114 530 1270 561 habitam
1306 534 1343 562 et
1367 539 1428 570 np-

780 578 943 619 pellatam
985 586 1065 608 esse
1101 576 1310 617 συμφωνίαν
1354 585 1442 619 min-V

780 624 926 663 ximwm3
950 622 1044 664 quod
1070 631 1171 663 quum
1197 621 1240 653 ad
1259 630 1360 653 usum
1380 622 1432 654 lo·

779 668 906 710 quendi
953 667 1237 706 cognoscendum
1279 667 1430 700 nonnihil

780 714 943 748 momenti
969 713 1082 750 affert,
1108 717 1180 745 tum
1209 715 1353 746 multum
1379 714 1429 745 fa-

779 761 825 792 cit
851 761 953 792 etiarn
983 760 1026 791 ad
1054 770 1168 791 rerum
1196 759 1350 801 ipsarum
1379 759 1428 791 iu·

778 806 1022 849 telligentiam,·
1055 805 1089 838 id
1122 805 1214 847 quod
1248 805 1334 837 infra
1367 815 1428 847 pa·

778 853 866 886 tebit
881 852 1022 884 certius.
1046 851 1123 884 Non
1142 860 1230 893 opus
1254 856 1430 893 putamus,

779 903 817 932 ut
842 897 928 931 llaec
953 898 1068 930 omnia
1095 898 1215 930 multis
1242 899 1428 930 inultorum

778 944 982 978 testimoniis
1016 944 1274 976 confirmentur.
1333 943 1431 975 Satis

779 992 846 1023 erit
878 991 1078 1030 monuisse,
1116 989 1284 1021 illustrari
1318 1000 1358 1021 ea
1395 995 1431 1021 et

780 1037 904 1079 exponi
946 1036 1220 1068 luculentissime
1253 1035 1298 1067 ab
1336 1035 1430 1066 Ari-

781 1083 996 1115 stotelico
1022 1082 1194 1124 scriptore
1223 1080 1429 1113 Problema-

780 1135 851 1161 tum
879 1128 973 1161 ΧΙΧ.
1005 1127 1062 1163 35.
1079 1127 1174 1160 ΧΙΧ.
1201 1126 1259 1161 39.
1281 1131 1316 1159 et
1332 1126 1430 1160 Xlll.

779 1175 838 1210 39.
883 1175 981 1207 cuius
1014 1174 1120 1206 verba
1153 1172 1339 1206 emendata
1377 1174 1429 1205 le-

780 1225 908 1261 guntur
957 1221 1141 1253 Aristot.
1187 1219 1292 1261 Oper.
1349 1218 1429 1250 Vol.

779 1268 828 1300 11.
869 1277 901 1306 ρ.
943 1267 1014 1301 920
1050 1277 1102 1307 sq.
1151 1264 1205 1296 ed.
1244 1264 1429 1298 Bekker.

782 1314 886 1346 Hunc
918 1313 1022 1354 igitur
1056 1311 1186 1344 adiisse
1220 1310 1368 1348 innubit,
1402 1311 1430 1342 si

780 1359 836 1401 qui
864 1358 1107 1400 requisiverint
1140 1366 1229 1399 quae
1259 1357 1303 1389 ad
1327 1357 1429 1389 fidem

782 1405 976 1438 faciendam
1007 1405 1155 1436 valeant.
1194 1402 1287 1436 Illud
1312 1407 1430 1436 autem

783 1461 849 1484 non
883 1451 948 1483 erit
972 1459 1272 1492 supervacaneum
1306 1449 1431 1481 admo—

781 1498 918 1537 nuisse,
955 1496 1049 1538 quod
1084 1495 1126 1528 ad
1159 1505 1232 1527 rem
1258 1505 1426 1536 praesen-

781 1548 849 1575 tem
877 1544 1020 1584 propius
1047 1542 1218 1584 pertinet,
1252 1542 1285 1572 in
1313 1541 1430 1573 verbis

783 1588 936 1622 Platonis
960 1585 1230 1628 interpretandis
1255 1587 1432 1619 erravisse

781 1635 903 1674 videri,
944 1634 1001 1675 qni
1041 1631 1238 1674 ἀντίφωνον
1275 1634 1431 1673 explica-

781 1686 901 1712 verunt
917 1679 1100 1721 dissonum,
1117 1690 1195 1711 sono
1215 1677 1428 1721 discordans,

779 1728 861 1760 lIcet
909 1726 1154 1768 Hesychius
1203 1734 1279 1756 eam
1320 1726 1431 1758 ratio-

781 1783 857 1804 nem
884 1772 1020 1804 firmare
1045 1771 1223 1810 videatur,
1256 1770 1314 1811 qui
1343 1771 1431 1803 haec

781 1819 902 1852 habet:
934 1814 1143 1858 Ἀνιίφωνα·
1176 1815 1427 1856 ἐναντιόφωνα.

782 1863 945 1896 Nimirum
973 1865 1004 1896 in
1031 1863 1188 1897 fraudem
1223 1862 1271 1893 illi
1297 1863 1429 1894 inducti

782 1914 858 1941 sunt
885 1919 945 1949 eo,
981 1910 1073 1951 quod
1103 1908 1266 1940 continno
1292 1908 1431 1940 additur

783 1953 820 1986 τὸ
853 1954 1060 1995 ξύμφωνον,
1094 1965 1134 1987 ex
1170 1963 1239 1994 quo
1267 1952 1430 1986 festinato

782 2003 995 2042 aliquantum
1014 2002 1140 2033 indicio
1162 2003 1329 2041 protenus
1344 2009 1427 2032 con—

781 2048 958 2079 cluserunt
997 2043 1196 2087 ἀντίφωνον
1235 2044 1431 2086 significare

781 2093 1002 2133 contrarium,
1034 2093 1183 2134 ideoque
1199 2091 1370 2124 denotare
1383 2091 1430 2128 id,

780 2138 873 2180 qnod
900 2149 988 2171 sono
1014 2149 1079 2171 suo
1102 2136 1293 2170 discordet.
1321 2136 1428 2171 Quod

780 2188 944 2226 quantum
981 2195 1002 2217 a
1041 2186 1188 2217 veritate
1228 2183 1430 2222 abhorreat,

779 2240 879 2270 quum
907 2231 959 2263 vel
993 2241 1037 2263 ex
1062 2229 1300 2273 superioribus
1328 2228 1429 2261 intel-

782 2277 838 2318 ligi
878 2276 997 2313 liceat,
1034 2282 1106 2309 tum
1155 2277 1259 2308 etiam
1302 2275 1430 2307 clarius

780 2323 1016 2364 appariturum
1053 2333 1132 2355 esse
1157 2325 1339 2363 putamus,
1371 2321 1430 2352 ubi

781 2368 825 2399 do
851 2378 913 2408 eo,
947 2369 1040 2409 quod
1067 2368 1194 2400 Graeci
1231 2367 1431 2407 ξυμφωνιάε

783 2418 816 2445 vt
851 2413 1041 2453 ξυμφώνου
1073 2415 1211 2446 nomine
1242 2413 1428 2453 insignive-

781 2460 857 2496 rint.
884 2461 1081 2501 expositum
1108 2459 1221 2491 fuerit.
1254 2457 1292 2489 ld
1318 2459 1428 2500 ipsum

781 2505 886 2544 iggitur
920 2515 1008 2537 nunc
1046 2516 1108 2547 pro
1139 2503 1286 2536 instituti
1319 2504 1429 2537 nostri

782 2552 915 2582 ratione
940 2561 1097 2590 agamus.
1147 2550 1279 2581 iudicat
1312 2555 1427 2582 autem

783 2606 908 2627 nomen
933 2596 1154 2638 symphoniae
1185 2604 1252 2626 non
1289 2595 1428 2637 aliquid,

781 2641 872 2681 qnod
899 2641 1122 2685 antiphoniae
1146 2643 1191 2674 sit
1217 2641 1318 2681 plane
1341 2651 1426 2674 con-

782 2688 932 2720 trarium.
961 2688 1019 2719 sed
1047 2691 1161 2729 potius
1193 2687 1292 2726 illud,
1318 2688 1426 2729 miod,
