1644 2886
242 108 389 160 xmi‘
666 118 1138 160 rnohnGoMENA

242 231 398 271 lerus
428 230 454 271 l.
486 246 521 271 c.
560 246 600 284 p.
638 232 704 270 57.
736 229 923 283 scripsit,
962 235 1177 271 auctorem
1207 231 1347 285 operis
1377 238 1564 272 tentasse

244 285 414 340 quidem
455 301 616 326 morum
654 285 862 339 picturam
903 286 1231 338 accuratiorem,
1269 286 1345 328 sed
1375 293 1564 328 tentasse

245 357 336 383 eam
377 341 496 381 irrito
533 348 704 382 conatu.
777 342 943 395 Nempe
980 342 1072 396 pari
1110 342 1200 382 iure
1241 341 1352 383 idem
1392 357 1566 397 prorsus

245 398 297 438 de
332 397 521 447 Philebo,
554 395 745 452 Cratylo,
779 396 998 451 Sophista,
1035 397 1229 450 Politico,
1262 398 1355 438 aliis
1377 398 1566 439 Platonis

244 453 440 506 scriptis,
482 451 670 505 dixeris,
710 453 753 493 in
786 453 942 506 quibus
971 453 1068 494 talis
1098 454 1288 508 picturae
1315 454 1569 495 lineamenta

245 509 417 563 quidem
449 507 592 562 aliqua
622 508 902 562 exhibentur,
932 509 1061 564 plena
1090 516 1231 550 autem
1263 509 1452 552 eiusdem
1483 510 1567 551 ela-

244 563 412 606 boratio
442 571 485 604 et
514 563 719 619 perfectio
749 565 920 606 omnino
947 564 1227 606 desideratur.

357 620 519 661 Verum
561 621 666 661 satis
704 620 756 661 de
795 621 987 676 personis
1025 620 1198 676 dialogi.
1263 621 1485 676 Pergimus
1516 619 1567 660 ad

244 674 349 728 alia,
391 691 499 730 quae
537 676 749 731 pertinent
786 676 839 717 ad
870 678 1232 732 opportunitatem
1266 677 1357 718 eius
1388 675 1569 717 habendi

246 738 373 786 atque
411 738 594 787 tempus,
627 747 711 787 quo
742 740 966 787 peroratus
1006 733 1196 789 fingitur.
1272 734 1331 774 Et
1366 732 1439 772 illa
1477 732 1570 785 qui-

246 786 342 828 dem
371 803 577 843 perquam
609 800 722 843 -apta
760 789 1026 830 informatur.
1097 789 1310 831 Dicuntur
1345 788 1456 829 enim
1486 796 1572 829 tres

207 874 209 876 -
246 843 307 884 illi
339 858 487 898 senes,
527 843 580 885 de
623 845 780 898 quibus
820 845 1150 900 explicavimus,
1193 845 1382 901 pedestri
1419 844 1570 884 itinere

246 898 453 942 aGnoso
491 900 595 942 urbe
638 900 691 941 ad
723 906 891 942 antrum
920 902 1210 956 templumque
1242 901 1360 943 Iovis
1389 914 1571 941 comme-

247 970 343 997 asse
375 963 416 1006 et
449 957 731 1008 crebro‘inter
752 957 860 998 viam
884 959 1185 1011 consistentes,
1215 956 1427 998 interdum
1447 956 1572 996 etiam

247 1012 290 1053 in
333 1013 523 1054 amoenis
563 1013 671 1054 locis
715 1014 1056 1067 requiescentes,
1105 1014 1157 1055 de
1198 1012 1404 1055 institutis
1432 1026 1571 1052 rerum

247 1068 513 1123 publicarum
544 1083 594 1110 ac
625 1068 677 1110 tle
708 1070 878 1125 optimis
907 1069 1074 1125 legibus
1104 1069 1182 1111 hos
1226 1069 1447 1111 miscuisse
1486 1083 1573 1109 ser-

247 1140 408 1177 mones,
439 1126 483 1166 in
514 1139 622 1179 quos
651 1124 749 1166 ideo
782 1126 1048 1179 potissimum
1075 1125 1328 1177 inciderint,
1358 1124 1458 1178 quia
1485 1123 1574 1164 Cli-

249 1182 341 1223 nias
372 1180 592 1222 Cretensis
621 1182 664 1222 in
695 1188 850 1222 terram
871 1182 1124 1236 Magnetum
1155 1182 1275 1223 iussu
1304 1180 1573 1236 popularium

249 1252 423 1279 suorum
461 1251 614 1278 novam
650 1237 860 1279 coloniam
891 1237 1102 1279 deducere
1132 1238 1338 1286 voluerit3
1385 1253 1423 1276 v.
1455 1235 1573 1277 Libr.

244 1294 283 1341 I.
322 1294 379 1334 in.
427 1300 470 1334 et
508 1292 592 1334 ΙΙΙ.
633 1309 674 1348 p.
713 1295 806 1335 702.
853 1294 903 1334 B.
936 1309 1030 1348 sqq.
1092 1294 1159 1335 De
1191 1293 1346 1347 quibus
1379 1292 1574 1332 omnibus

248 1350 321 1391 vix
366 1356 432 1391 est
475 1364 550 1390 cur
589 1349 753 1403 aliquid
805 1349 1121 1391 admoneamus.
1198 1349 1307 1401 Quis
1349 1348 1459 1389 enim
1508 1354 1575 1388 est

250 1406 355 1460 quin
393 1405 461 1447 vel
498 1420 584 1445 non
621 1406 809 1447 monitus
848 1406 1081 1461 intelligat,
1122 1406 1337 1459 praeclare
1377 1419 1469 1445 esse
1509 1404 1574 1443 in-

249 1472 450 1514 ventum,
483 1461 598 1515 quod
627 1461 820 1516 hospites
851 1462 1130 1503 communiter
1158 1461 1490 1517 proficiscuntur
1521 1458 1574 1499 ad

250 1524 417 1560 antrum
460 1518 750 1573 templumque
789 1518 880 1559 eius
911 1517 1003 1571 dei,
1045 1518 1116 1572 qui
1155 1518 1288 1559 veteri
1328 1517 1439 1557 fama
1467 1517 1574 1556 iere-

250 1575 375 1616 batur
409 1574 550 1629 legum
591 1573 856 1615 Creticarum
895 1581 1045 1615 auctor
1085 1574 1209 1615 esse?
1267 1572 1395 1626 Quod
1435 1577 1574 1612 autem

249 1630 310 1671 illi
340 1636 566 1671 narrantur
592 1630 705 1671 inter
733 1630 846 1671 viam
876 1630 1089 1672 interdum
1110 1630 1356 1672 constitisse
1386 1635 1428 1669 et
1456 1627 1575 1668 iden-

249 1685 380 1728 tidem
422 1686 464 1726 in
503 1686 609 1727 locis
649 1686 962 1728 amoenioribus
993 1686 1280 1740 requievisse,
1319 1684 1503 1740 pertinet
1530 1682 1575 1723 id

251 1743 343 1784 sine
364 1741 495 1784 dubio
526 1741 580 1782 ad
601 1757 843 1783 sermonum
873 1742 1211 1797 amplitudinem,
1244 1756 1421 1794 quorum
1454 1755 1575 1780 enar-

252 1799 360 1840 ratio
403 1798 639 1854 postulavit
676 1813 779 1839 sane
818 1805 984 1853 tempus
1022 1799 1191 1853 longius
1235 1812 1284 1839 ac
1317 1796 1573 1837 diuturnius.

252 1854 522 1908 Quamquam
559 1869 660 1895 num
698 1854 758 1895 illi
798 1869 884 1896 uno
924 1854 992 1895 die
1042 1869 1094 1895 an
1144 1854 1337 1908 pluribus
1388 1851 1575 1907 perorati

252 1912 360 1964 sint,
402 1925 612 1964 nusquam
653 1911 765 1952 clare
803 1909 1031 1951 indicatur.
1100 1909 1213 1950 Illud
1251 1924 1381 1950 unum
1412 1906 1576 1961 liquido

251 1967 537 2022 perscriptum
585 1972 724 2019 extat,
764 1967 1026 2020 colloquium
1064 1966 1255 2007 habitum
1295 1979 1388 2007 esse
1426 1963 1576 2017 paucis

253 2024 404 2065 diebus
434 2029 531 2064 ante
562 2023 791 2064 solstitium
821 2023 1045 2074 aestivum,
1077 2021 1130 2063 de
1161 2037 1244 2076 quo
1273 2037 1312 2063 v.
1343 2020 1460 2062 Libr.
1492 2019 1575 2059 111.

253 2095 294 2134 p.
325 2079 420 2120 683.
452 2078 518 2131 C.,
551 2086 594 2120 et
624 2084 859 2120 sermonem
892 2093 1028 2133 usque
1058 2077 1113 2119 ad
1143 2079 1261 2119 Libr.
1292 2077 1371 2117 IV.
1406 2092 1446 2130 p.
1479 2076 1572 2116 722.

254 2135 303 2177 C.
346 2135 588 2190 expositum
637 2134 736 2175 inde
775 2150 799 2175 a
848 2137 1054 2176 matutino
1104 2140 1294 2189 tempore
1340 2145 1477 2185 usque
1522 2130 1574 2171 ad

253 2190 471 2232 meridiem
501 2191 589 2232 fere
620 2190 811 2232 eiusdem
841 2190 926 2232 diei
957 2190 1230 2246 pertinuisse,
1274 2187 1484 2243 siquidem
1516 2187 1575 2246 ibi

255 2246 557 2289 Atheniensis:
601 2245 752 2302 σχεδὸν
796 2246 904 2301 γάρ,
933 2247 1100 2302 inquit,
1139 2246 1182 2298 ἐξ
1228 2244 1334 2286 ὅσου
1365 2247 1459 2299 περὶ
1491 2245 1576 2285 τῶν

255 2304 404 2357 νόμων
432 2304 639 2358 ἤργμεθα
669 2305 822 2357 λέγειν,
863 2305 907 2356 ἐξ
929 2304 1123 2345 ἑωθινοῦ
1152 2302 1400 2354 μεσημβρία
1430 2316 1473 2341 τε
1503 2304 1574 2352 γέ-

254 2374 354 2414 γονε
386 2362 458 2400 καὶ
490 2363 535 2400 ὲν
566 2357 698 2417 ταύτῃ
722 2357 918 2417 παγκάλῃ
958 2356 1181 2415 ἀναπαύλῃ
1213 2360 1298 2399 τινὶ
1337 2354 1575 2409 γεγόναμεν

256 2413 382 2458 οὐδὲν
418 2413 505 2456 ἀλλ’
543 2411 570 2465 ἢ
610 2418 706 2466 περὶ
747 2413 896 2468 νόμων
933 2412 1242 2468 διαλεγόμενοι.
1309 2412 1404 2454 Nec
1433 2417 1573 2452 tamen

255 2477 424 2528 praeter
458 2470 869 2513 verisimilitudinem·
909 2470 1102 2512 Cicero
1155 2470 1288 2525 Legg.
1337 2468 1395 2510 ΙΙ.
1434 2482 1471 2509 c.
1510 2468 1574 2508 27.

256 2527 418 2573 video
449 2527 611 2580 enim,
643 2527 808 2582 inquit,
853 2528 1143 2569 Platonem
1173 2525 1311 2566 idem
1342 2524 1573 2574 fecisse,

257 2598 576 2637 omnemque
613 2584 926 2626 orationem
964 2583 1080 2624 eius
1112 2582 1172 2623 de
1204 2581 1425 2636 legibus
1454 2593 1574 2634 per-

258 2646 465 2681 oratam
524 2654 641 2682 esse
705 2655 806 2680 uno
870 2639 1086 2681 aestivo
1135 2637 1233 2678 dio.
1315 2637 1484 2690 Quippe
1533 2634 1573 2674 id
