1644 2886
281 124 332 161 96
710 114 1159 157 AffliUMENTUM

281 230 354 286 qui
393 243 509 271 arma
548 231 703 282 gerunt
740 232 869 279 atque
908 226 992 266 iam
1022 224 1144 266 bellis
1173 223 1467 265 interfuerunt.
1525 222 1609 266 Co-

281 286 401 328 mitia
438 297 567 337 porro
606 281 817 322 habentor
855 280 900 321 in
937 280 1121 335 templo,
1169 279 1285 333 quod
1331 279 1388 321 sit
1427 279 1612 321 omnium

280 339 597 383 sanctissimum
654 341 697 376 et
741 336 1102 391 augustissimum.
1178 334 1377 390 Denique
1423 333 1609 389 tabulae,

280 398 325 437 in
365 394 520 448 quibus
562 391 888 433 candidatorum
927 391 1086 446 pariter
1126 398 1255 444 atque
1285 386 1644 446 suffragantium¹

279 451 453 492 nomina
482 448 721 503 perscripta
749 447 849 499 sint,
883 461 908 487 a
936 446 1118 502 singulis
1150 448 1246 487 arae
1277 446 1362 486 Dei
1387 446 1611 500 imponun-

280 513 361 558 tor,
397 505 441 545 in
472 518 608 556 eaque
638 517 682 543 re
714 502 837 544 dolus
868 510 997 555 atque
1028 502 1144 543 fraus
1174 501 1324 557 procul
1356 507 1461 542 esto.
1522 501 1612 542 Iam

280 576 381 602 vero
417 559 490 600 ubi
528 559 710 614 primum
747 558 919 611 comitia
949 557 1144 598 creandis
1173 556 1495 612 magistratibus
1524 557 1612 597 fue-

281 617 367 657 rint
395 615 568 667 habita,
601 613 816 668 suffragiis
859 614 1124 668 singulorum
1162 611 1352 653 collectis
1384 617 1426 653 et
1454 611 1611 654 exami-

282 672 419 724 natis,
459 676 557 711 ante
602 669 742 711 omnia
777 670 980 722 trecenti,
1030 668 1103 722 qui
1148 668 1339 723 plurimis
1391 667 1614 710 sententiis

283 728 442 768 fuerint
482 725 680 780 probati,
713 725 991 778 exquirantur
1018 724 1276 779 publiceque
1307 723 1613 764 renuntientur.

285 783 396 824 Tum
426 796 527 822 vero
556 795 608 821 ex
636 780 787 821 horum
817 781 1007 835 ipsorum
1036 793 1213 820 numero
1244 793 1392 820 rursus
1423 778 1614 834 deligan-

285 846 354 880 tur
384 844 571 888 centum,
603 836 674 889 qui
706 842 872 890 praeter
902 842 1065 876 ceteros
1099 835 1212 887 bona
1241 832 1356 889 apud
1389 834 1496 876 alios
1526 834 1615 875 exi-

284 893 529 935 stimatione
558 891 750 934 floreant.
809 891 1007 944 Denique
1037 905 1152 939 vero,
1183 890 1348 932 civibus
1370 890 1544 931 tertium
1571 890 1615 930 in

285 948 490 1004 suffragia
521 947 677 999 missis,
708 962 760 987 ex
789 946 855 988 his
885 948 989 1002 ipsis
1018 946 1216 1002 legantur
1243 946 1420 1002 triginta
1453 951 1614 1000 septem

285 1004 387 1056 viri,
431 1003 502 1057 qui
544 1003 870 1058 magistratuum
917 1002 1127 1057 dignitate
1174 1007 1218 1042 et
1254 1002 1508 1042 auctoritate
1549 1016 1615 1042 or·

288 1066 453 1101 nentur.
494 1061 639 1112 Atque
669 1058 711 1099 hi
743 1057 914 1111 quidem
942 1058 986 1098 in
1017 1058 1158 1098 locum
1190 1072 1335 1098 eorum
1365 1056 1637 1110 succedant,-

287 1116 360 1171 qui
398 1115 571 1156 fuerunt
611 1114 663 1154 ab
702 1113 824 1154 initio
864 1113 1088 1155 constituti
1131 1113 1309 1168 legum
1350 1112 1644 1154 custodes·

284 1172 375 1213 sive
408 1168 724 1225 νομοφύλακες.
783 1168 883 1221 Quo
904 1169 1072 1210 cautius
1103 1174 1243 1209 autem
1270 1168 1330 1208 illi
1360 1174 1487 1221 atque
1516 1183 1615 1222 pru-

283 1226 455 1268 dentius
494 1225 759 1280 deligantur,
804 1239 951 1266 rursus
993 1230 1326 1265 consentaneum
1369 1229 1434 1265 est
1464 1238 1615 1264 novam

283 1282 494 1323 coloniam
524 1281 569 1321 in
598 1280 680 1322 hoc
711 1280 882 1332 negotio
913 1280 967 1322 ab
987 1294 1038 1320 ea
1070 1279 1242 1320 civitate
1264 1278 1471 1331 adiuvari,
1503 1278 1616 1320 unde

285 1339 382 1393 ipsa
410 1337 542 1378 habet
571 1350 691 1377 suam
710 1335 920 1390 originem
953 1336 1015 1389 (p.
1047 1337 1140 1377 751.
1165 1359 1214 1364 —-
1237 1337 1330 1378 754.
1365 1334 1421 1376 D.
1451 1335 1543 1388 in.).
1563 1358 1616 1365 -—

284 1395 432 1447 Atque
453 1392 560 1433 haec
579 1390 751 1444 quidem
781 1390 834 1431 de
854 1391 1068 1433 creatione
1097 1390 1248 1431 horum
1277 1390 1615 1445 magistratuum.

284 1449 447 1490 Munus
491 1453 632 1489 autem
673 1452 716 1487 et
753 1446 942 1487 officium
983 1460 1128 1486 eorum
1168 1445 1249 1486 hoc
1288 1445 1366 1497 sit,
1398 1452 1446 1486 ut
1475 1445 1616 1500 legum

285 1502 522 1546 custodiam
562 1508 718 1557 agant,
760 1515 914 1543 census
953 1501 1123 1543 tabulas
1151 1507 1392 1554 asservent,
1433 1500 1617 1555 denique

285 1573 446 1615 poenas
484 1559 745 1600 constituant
783 1558 860 1610 iis,
916 1557 989 1612 qui
1037 1557 1247 1598 bonorum
1295 1571 1465 1598 suorum
1515 1571 1618 1612 opes

286 1615 398 1657 ultra
426 1613 599 1655 modum
631 1612 895 1655 adauxerint.
957 1612 1159 1654 Ceterum
1189 1627 1312 1653 nemo
1338 1623 1434 1653 ante
1461 1610 1625 1654 annum*

285 1670 441 1712 aetatis
482 1668 884 1723 quinquagesimum
921 1668 1003 1709 hac
1043 1668 1251 1723 dignitate
1293 1668 1509 1722 potiatur,
1539 1682 1643 1719 nec,

286 1726 513 1780 quisquam
549 1739 600 1766 ea
631 1723 790 1766 diutius
822 1723 1040 1765 ornandus
1071 1729 1159 1774 est,
1202 1738 1329 1777 quam
1359 1723 1512 1778 viginti
1543 1738 1618 1764 an-

285 1794 366 1824 nos
398 1782 461 1835 (p.
494 1782 587 1823 754.
616 1779 674 1821 D.
706 1804 758 1811 —
791 1781 883 1820 755.
916 1779 1003 1834 Β.).
1034 1804 1086 1809 -
1145 1779 1203 1819 Hi
1239 1778 1373 1833 igitur
1401 1778 1618 1833 principes

286 1842 414 1880 sunto
442 1836 734 1892 magistratus.
793 1835 899 1876 Post
928 1835 1006 1876 hos
1034 1849 1135 1875 vero
1160 1833 1331 1889 legendi
1361 1841 1462 1875 sunt
1492 1835 1618 1875 etiam

287 1892 456 1934 duces
500 1892 812 1943 exercitus,
849 1890 1110 1946 magistri
1158 1889 1430 1943 equitum,
1483 1889 1619 1945 phy-

285 1947 535 2000 larchae,
564 1947 924 1999 taxiarchiae,
965 1946 1088 1996 alii3
1127 1945 1172 1986 in
1203 1959 1288 1998 quo
1318 1945 1491 2000 negotio
1518 1946 1618 1986 item

318 2009 458 2045 raeter
486 2003 635 2059 legum
662 2002 864 2044 custodes
894 2008 1039 2057 partes
1068 2016 1154 2042 non
1184 2000 1360 2059 exiguas
1388 2000 1472 2055 ipsi
1502 2001 1619 2042 cives

286 2020 509 2101 Eabebunt
539 2060 599 2113 (p.
630 2060 723 2100 755.
756 2058 807 2101 B.
836 2082 889 2089 --
923 2060 1017 2100 756.
1047 2056 1133 2110 B.).
1164 2080 1218 2086 —
1278 2056 1414 2097 Porro
1445 2055 1619 2097 creandi

290 2119 589 2165 senatores
639 2119 750 2156 sunt.
841 2113 929 2166 Qui
980 2111 1154 2167 quidem
1204 2125 1381 2152 numero
1438 2112 1621 2153 trecenti

290 2170 516 2225 sexaginta
553 2175 695 2211 sunto.
762 2169 987 2225 Legantur
1029 2173 1171 2209 autem
1210 2167 1261 2208 ex
1301 2164 1520 2220 quaternis
1559 2167 1620 2208 ci-

289 2226 404 2267 vium
445 2224 655 2267 classibus
694 2240 772 2279 pro
812 2222 1169 2266 censusratione
1209 2222 1455 2264 constitutis
1486 2237 1619 2264 nona-

288 2280 404 2337 geni,
433 2279 565 2334 idque
594 2280 670 2321 fiat
696 2281 773 2333 sic,
806 2286 853 2322 ut
882 2294 1009 2334 quam
1039 2278 1223 2320 maxima
1242 2283 1437 2319 servetur
1463 2278 1619 2320 civium

290 2335 478 2378 omnium
515 2336 765 2389 aequalitas.
840 2335 965 2381 Lecti
995 2333 1149 2375 deinde
1191 2333 1236 2374 in
1281 2332 1506 2375 duodecim
1545 2333 1619 2375 de-

289 2391 533 2434 scribantur
570 2397 738 2446 partes,
780 2391 856 2432 ita·
872 2389 1066 2445 quidem,
1111 2398 1160 2429 ut
1199 2389 1393 2444 singulae
1441 2389 1620 2445 singulis

290 2446 508 2489 mensibus
548 2447 746 2502 publicae
784 2447 912 2488 saluti
943 2452 986 2487 et
1023 2444 1243 2487 securitati
1283 2445 1548 2500 prospiciant
1577 2451 1621 2486 et

290 2502 412 2544 iuxta
455 2516 552 2544 cum
589 2502 766 2557 reliquis
803 2500 1127 2558 magistratibus
1157 2498 1202 2540 id
1231 2506 1361 2556 agant
1389 2501 1538 2553 unice,
1571 2507 1621 2541 ut

291 2572 346 2599 ne
376 2557 482 2612 quid
509 2558 754 2612 respublica
795 2556 1039 2600 detrimenti
1074 2555 1230 2611 capiat.
1290 2555 1390 2608 Quo
1428 2561 1618 2610 tempore

292 2613 457 2668 reliqua
495 2627 596 2668 pars
635 2620 811 2656 senatus
850 2613 940 2655 suis
989 2612 1117 2653 rebus
1158 2625 1309 2653 vacare
1358 2612 1516 2666 poterit
1556 2611 1616 2665 (p.
