1644 2886
179 102 263 146 DE
294 75 570 145 meamus
602 99 718 144 ΜΒ.
753 99 835 142 VI.
867 99 914 142 Ρ.
947 101 1043 141 765.
1075 98 1140 143 St.
1292 100 1371 150 163

29 221 170 267 ταῦτα
202 220 343 279 χρεών
379 221 573 277 ἀγωνίας
606 217 876 270 ἀθλοθέτας
902 220 1134 274 αἱρεῖσθαι
1162 218 1243 270 τῆς
1275 218 1373 274 περὶ

27 287 82 334 τὰ
118 288 340 345 γυμνάσια
385 293 531 332 ἵππων
578 303 624 330 τε
669 288 741 330 καὶ
785 285 1050 342 ἀνθρώπων
1083 290 1128 328 ἐκ
1163 286 1251 328 τῶν
1281 286 1373 341 τρί-

29 374 116 400 των
154 373 197 400 τε
231 358 304 399 καὶ
337 359 402 399 ἔτι
435 358 525 399 τῶν
561 357 771 411 δευτέρων
808 354 1080 410 τιμημάτων.
1117 356 1176 404 εὶς
1210 354 1255 396 δὲ
1290 348 1373 405 τὴν

29 430 198 481 αἳρεσιν
239 426 344 467 ἔστω
387 425 468 478 μὲν
512 422 755 477 ἐπάναγκες
795 430 888 471 τοῖς
941 425 1055 475 τρισὶ
1098 419 1376 476 πορεύεσθαι

30 490 253 547 τιμήμασι,
289 489 340 534 τὸ
376 490 674 546 σμικρότατον
707 491 752 533 δὲ
787 487 976 542 ἀζήμιον
1003 487 1228 546 ἀφείσθω.
1264 495 1378 544 τρεῖς

30 558 68 604 δ’
108 561 300 601 ἔστωσαν
332 561 374 601 οἱ
407 557 627 614 λαχόντες,
664 559 754 600 τῶν
782 560 1281 614 προχειροτονηθέντων
1297 556 1378 611 μὲν

31 627 173 677 εἴκοσι,
209 623 436 682 λαχόντων
470 627 515 668 δὲ
550 630 595 667 ὲκ
630 626 719 667 τῶν
749 623 885 668 εἴκοσι
917 625 1065 678 τριῶν,
1101 621 1177 673 οὓς
1209 621 1267 666 ἂν
1302 624 1375 666 καὶ

33 696 188 752 ψῆφος
231 691 258 745 ἡ
305 709 393 735 των
439 689 763 747 δοκιμαζόντων
808 690 1037 751 δοκιμάσῃ.
1092 692 1172 733 ἐὰν
1219 694 1262 734 δέ
1309 707 1375 741 τις

34 761 398 822 ἀποδοκιμασθῇ
414 757 534 803 καθ’
570 756 811 812 ἡντιναοῦν
846 758 987 816 ἀρχῆς
1018 758 1141 812 λῆξιν
1175 760 1250 802 καὶ
1285 760 1376 814 κρί-

35 843 122 880 σιν,
166 825 329 879 ἄλλους
375 826 711 882 ἀνθαιρεῖσθαι
746 827 859 869 κατὰ
894 823 1036 870 ταύτὰ
1073 828 1146 869 καὶ
1181 824 1265 878 τὴν
1303 827 1374 868 δυ-

34 898 239 951 κιμασίαν
274 894 476 946 ὠςαύτως
510 893 660 938 αὐτῶν
695 899 790 948 πέρι
814 897 1061 937 ποιεῖσθαι.
1130 891 1241 953 Cap.
1273 890 1376 936 ΧΗ.

35 961 211 1014 Λοιπὸς
252 965 296 1006 δὲ
339 960 488 1018 ἄρχων
533 964 628 1017 περὶ
675 961 730 1003 τα
768 966 1062 1017 προειρημένα
1099 960 1205 1017 ἡμῖν
1242 960 1264 1003 ὁ
1301 962 1380 1013 τῆς

37 1033 238 1080 παιδείας
285 1028 542 1084 ἐπιμελητὴς
589 1027 734 1081 πάσης
785 1031 982 1082 θηλειῶν
1038 1046 1082 1072 τε
1129 1034 1202 1072 και
1249 1026 1380 1086 ἀρῥέ-

39 1115 140 1142 νων.
176 1097 235 1147 εἷς
269 1100 350 1153 μὲν
383 1095 435 1150 δὴ
473 1099 544 1140 καὶ
580 1094 603 1139 ὁ
642 1095 815 1139 τούτων
849 1095 994 1151 ἄρξων
1029 1101 1135 1139 ἔστω
1157 1094 1271 1139 κατὰ
1308 1096 1381 1140 νό-

38 1182 170 1221 μους,
214 1167 323 1206 ἐτῶν
367 1166 448 1218 μὲν
481 1161 670 1220 γεγονώς
702 1163 762 1220 μὴ
797 1167 985 1208 ἔλαττον
1028 1162 1055 1216 ἦ
1093 1166 1385 1217 πεντήκοντα,

41 1234 210 1276 παίδων
260 1234 304 1275 δὲ
349 1234 536 1286 γνησίων
580 1231 751 1288 πατήρ,
794 1231 987 1286 μάλιστα
1035 1234 1116 1286 μὲν
1149 1235 1275 1275 υἱέων
1311 1234 1384 1274 καὶ

41 1302 325 1355 θυγατέρων,
373 1303 409 1342 εὶ
446 1302 490 1342 δὲ
521 1298 604 1354 μή,
638 1299 838 1353 θάτερα·
888 1299 1179 1352 διανοηθήτω
1217 1301 1262 1343 δὲ
1300 1299 1378 1342 αὐ·

133 1453 172 1485 C.
221 1457 311 1485 tois·
337 1454 504 1495 περὶτὰ
531 1455 587 1497 y.]
615 1456 674 1498 τῆς
703 1456 799 1488 Voss.
827 1467 860 1487 x.

133 1502 224 1531 τοῖς
255 1501 368 1542 τρισὶ
399 1498 700 1544 πορεύεσθαι]
737 1501 825 1535 Post
858 1502 944 1543 τρισὶ
973 1502 1022 1534 Ω.
1055 1501 1085 1534 h.
1112 1513 1141 1536 a.
1167 1500 1197 1534 ὃ.
1229 1502 1385 1534 inserunt

44 1547 108 1577 καί.
156 1546 242 1579 Mox
267 1546 389 1579 Herm.
416 1547 484 1579 τῶν
509 1552 590 1589 post
615 1547 652 1579 οἱ
672 1545 830 1589 λαχόντες
852 1549 952 1580 uncis
978 1548 1129 1581 seclusit.
1177 1548 1258 1581 Non
1283 1546 1385 1580 video

43 1592 151 1624 malae
177 1592 382 1635 suspicionis
407 1603 566 1626 caussam
591 1594 763 1628 idoneam.

44 1728 172 1762 dicitur
200 1729 244 1762 de
275 1740 338 1770 eo,
379 1731 432 1762 cui
471 1729 552 1773 quid
585 1736 680 1763 sorte

43 1775 197 1808 obvenit.
251 1775 354 1815 Quod
398 1786 462 1808 nos
502 1777 682 1819 praeteriit

44 1819 88 1854 ad
123 1821 214 1853 Tim.
251 1833 284 1864 p.
319 1822 374 1857 63.
408 1822 451 1855 B.
487 1823 544 1864 qui
585 1825 683 1856 iocus

46 1867 184 1899 omnino
223 1877 290 1900 non
327 1867 448 1900 debuit
480 1870 617 1902 tentari.
650 1879 680 1900 v.

48 1911 222 1945 Homer.
249 1913 347 1946 iliad.
372 1915 415 1948 X.
442 1925 473 1945 v.
498 1913 577 1949 430.
627 1914 686 1947 Sic

52 1957 178 1991 deinde
225 1957 244 1990 ὁ
293 1957 408 2001 λαχών.
473 1963 560 1993 Ante
607 1959 687 1992 δέκα

48 2004 342 2038 Heindorfius
391 2005 542 2047 Specim.
594 2007 686 2039 Con·

47 2051 128 2083 ieet.
151 2061 182 2092 p.
202 2049 257 2086 36.
285 2052 352 2084 τῶν
377 2051 548 2085 excidisse
574 2053 686 2094 suspi-

49 2099 167 2137 cutm-3
192 2097 360 2137 probabili
377 2107 460 2130 sane
478 2098 688 2132 coniectura.

97 2140 200 2175 κατὰ
237 2140 374 2176 ταυτὰ
418 2142 463 2175 δὲ
510 2143 689 2177 τούτοις

51 2187 304 2233 καὶταύτῃ]
349 2191 519 2233 pariter
559 2196 688 2233 atque

51 2232 88 2266 h·
79 2244 90 2266 ι
103 2234 305 2275 (chororum
324 2236 508 2279 praefecti)
523 2247 542 2269 e
551 2248 568 2270 a
579 2237 599 2270 d
611 2248 629 2270 e
638 2248 688 2271 m-

51 2289 134 2322 que
158 2283 336 2315 ratione
369 2284 430 2324 is,
470 2283 540 2325 qui
577 2285 691 2316 inter

53 2335 148 2367 eos,
172 2329 247 2370 qui
274 2333 494 2362 venerunt
518 2329 557 2361 in
582 2329 690 2362 iudi-

54 2372 182 2413 oium,
229 2379 355 2408 sorte
393 2376 567 2408 eiectus
604 2377 690 2409 sue·

56 2417 132 2455 rit,
158 2428 232 2460 per
269 2421 392 2454 ilium
427 2431 581 2454 annum
614 2432 691 2455 mo-

57 2462 211 2495 modiis
243 2471 283 2498 et
311 2467 490 2501 musicis
513 2478 691 2501 concen-

59 2507 183 2540 tibus
214 2513 473 2552 praefectus
503 2518 602 2547 esto
633 2515 692 2546 iu-

59 2551 220 2587 dicium
251 2555 412 2602 (demis)
438 2559 488 2593 ad
518 2560 695 2592 iudices

61 2598 300 2639 (certaminum
337 2605 564 2662 musicorum)
596 2607 694 2639 reii-

63 2645 101 2676 ei
113 2655 198 2679 ens
237 2646 288 2680 De
311 2647 392 2682 κατὰ
416 2647 519 2684 ταύτὰ
547 2653 602 2684 καὶ
616 2651 695 2685 ταύ-

69 2700 105 2729 ῐη
131 2700 161 2722 V
190 2691 256 2724 ῙῙῙ-
283 2703 314 2735 Ρ
341 2694 418 2730 681.
443 2697 490 2729 D:
527 2696 619 2730 οὕτω
643 2702 696 2731 καὶ

751 1730 1384 1786 za25127.1v.p.71‚4.D.a1.Ge-

750 1779 898 1812 nitivus:
953 1778 1020 1809 τῶν
1068 1774 1288 1819 ἀφικομένων
1338 1786 1386 1810 εις

752 1826 862 1866 κρίσιν
887 1833 929 1855 ex
955 1822 974 1855 ὁ
1000 1822 1108 1865 λαχών
1130 1829 1232 1867 aptus
1253 1834 1295 1857 ac
1310 1835 1386 1857 sus-

753 1880 880 1912 pensus
917 1873 982 1901 est.
1039 1871 1274 1903 Accusativus
1302 1881 1387 1903 vero

754 1913 814 1947 τὸν
852 1913 1011 1947 ἐνιαυτὸν
1057 1914 1191 1948 ἐκεῖνον
1237 1917 1389 1958 pertinet

753 1961 797 1994 ad
821 1957 958 2003 ἀρχέτω,
982 1961 1017 1993 id
1042 1962 1135 2003 quod
1162 1963 1214 1995 vel
1231 1963 1392 2004 proxime

754 2012 956 2050 antegressa
979 2012 1138 2049 arguunt.
1175 2008 1394 2043 Ξυναυλία

754 2053 892 2086 uidetur
917 2063 995 2086 esse
1020 2055 1160 2088 tibiae
1188 2057 1231 2087 et
1258 2055 1391 2088 citha-

754 2110 832 2133 rae
858 2104 1115 2144 concentus;
1145 2111 1177 2133 v.
1204 2100 1318 2134 Schoi.
1345 2101 1391 2134 ad

758 2145 929 2186 Aristoph.
970 2145 1100 2188 Equitt.
1131 2158 1165 2188 p.
1195 2147 1274 2182 288.
1311 2148 1391 2181 Ho-

756 2197 835 2225 rat.
869 2192 936 2226 Od.
967 2191 1025 2225 lV
1055 2193 1086 2228 1
1118 2193 1231 2237 Epod.
1257 2194 1290 2229 9.
1341 2195 1392 2227 De

756 2239 832 2272 solo
857 2239 1015 2272 tibiarum
1044 2239 1133 2272 inter
1159 2250 1197 2273 se
1222 2245 1393 2274 concentu

758 2284 910 2340 expiicat
933 2283 1091 2319 Pollux
1115 2288 1242 2319 Onom.
1259 2286 1392 2322 1v.1o.

758 2331 846 2363 Dein
882 2327 902 2362 ὁ
935 2329 1045 2372 λαχών
1082 2338 1160 2365 ante
1190 2331 1252 2375 τὴν
1283 2335 1394 2374 κρίσιν

759 2377 941 2410 manifesto
964 2378 1048 2410 vitio
1069 2379 1248 2421 scriptum.
1296 2380 1395 2413 Quo-

760 2423 848 2456 circa
873 2426 969 2456 recte
993 2424 1154 2457 Astius
1178 2425 1260 2459 inud
1280 2430 1394 2458 exter-

761 2469 880 2502 minari
920 2469 1032 2502 iussit.
1082 2470 1275 2505 Oreliius
1315 2482 1396 2504 vero

761 2513 942 2553 negendam
990 2516 1154 2552 coniecit:
1208 2514 1399 2550 ἀποδιδοὺς

763 2558 875 2593 ὅλων
900 2561 961 2602 τὴν
985 2563 1104 2603 κρίσιν.

808 2606 893 2648 Cap.
919 2605 1002 2640 XII.
1027 2608 1069 2642 D.
1100 2609 1142 2640 εἰ
1159 2607 1204 2641 δὲ
1226 2608 1300 2651 μή,
1322 2607 1396 2642 θεί-

765 2651 900 2695 τέρα.]
942 2655 1005 2686 sin
1048 2655 1204 2696 minus,
1237 2657 1394 2689 alteru—

766 2703 876 2731 trum
904 2699 952 2732 de
977 2699 1159 2732 duobus.

1031 2759 1134 2796 11*
