1644 2886
253 127 290 167 L
676 122 1152 165 PROLEGOMENA

254 236 349 278 silio
420 235 725 276 convenienter
780 233 979 274 instituta
1028 248 1122 276 esse
1178 241 1308 288 atque
1364 233 1584 275 adornata.

254 290 388 344 Quod
425 290 597 344 quidem
641 289 675 330 si
707 288 835 329 etiam
865 289 910 329 in
940 289 1020 330 hac
1050 290 1256 332 sermonis
1284 296 1406 344 parte
1437 303 1588 331 revera

218 347 313 388 *ita
349 347 510 388 factum
550 358 645 385 esse
685 358 933 398 censemus,
986 345 1092 386 nihil
1139 345 1335 387 videmur
1372 345 1585 386 affirmare

249 408 378 455 atque
408 399 682 451 contendere,
715 399 829 452 quod
861 401 914 442 ab
944 400 1039 455 ipsa
1070 401 1250 442 veritate
1279 400 1460 442 alienum
1490 400 1560 442 sit.

362 514 509 565 Atque
548 510 655 552 haec
694 510 867 564 quidem
906 510 959 551 de
1003 510 1164 566 dialogi
1206 518 1297 552 arte
1336 517 1379 552 et
1406 510 1584 552 ratione.

248 569 299 608 In
340 581 425 620 qua
461 566 544 608 etsi
573 565 783 619 quaedam
814 572 915 607 sunt
929 567 1176 630 singularia
1204 573 1278 608 aut
1306 567 1468 608 minus.
1488 566 1588 606 arti-

248 622 401 664 ficiosa
449 637 499 664 ac
541 622 698 676 polita,
740 627 884 662 tamen
926 622 1026 663 item
1076 623 1348 677 reperiuntur
1385 622 1582 677 plurima,

247 693 357 733 quae
396 677 615 719 sollertiae
654 689 698 719 et
737 677 975 733 elegantiae
1024 678 1274 719 Platonicae
1313 678 1584 719 manifestum

246 734 410 777 faciant
448 733 668 774 indicium.
740 733 793 773 Id
845 733 961 786 quod
1013 748 1232 788 speramus
1282 734 1334 775 ab
1387 733 1584 774 omnibus

245 803 497 832 concessum
525 788 578 829 iri
608 794 728 830 tanto
749 789 982 843 lubentius,
1015 796 1176 843 quanto
1198 790 1380 853 quisque
1405 788 1584 852 diligen-

246 848 332 888 tius
384 844 573 886 indolem
626 845 919 899 rationemque
978 845 1167 886 universi
1225 845 1367 900 operis
1426 844 1582 885 exami-

247 901 426 943 naverit.

356 1011 438 1053 His
478 1025 578 1052 vero
619 1017 838 1065 utcunque
893 1011 1124 1065 disputatis
1172 1017 1343 1063 tempus
1391 1019 1455 1051 est
1506 1010 1582 1051 ali-

246 1067 418 1121 quando
473 1066 657 1107 transire
705 1066 759 1107 ad
817 1066 1176 1111 considerandum
1221 1080 1357 1120 genus
1410 1065 1580 1107 dicendi

246 1123 439 1178 Legibus
482 1122 726 1184 proprium,
770 1138 855 1176 quo
895 1122 1051 1163 clarius
1089 1127 1318 1185 appareat,
1358 1120 1461 1174 quid
1498 1121 1580 1185 hoc

245 1193 420 1232 quoque
458 1178 629 1219 nomine
669 1176 721 1219 de
765 1178 906 1232 operis
944 1177 1197 1232 amplissimi
1227 1177 1462 1219 rationibus
1494 1176 1580 1218 exi-

245 1234 405 1275 stimari
435 1238 645 1288 oporteat..

787 1457 815 1461 .-
824 1457 920 1462 -<..--„
927 1456 1043 1463 *⁴*-

749 1734 871 1810 Gap.
913 1735 1062 1795 xvn.

241 1853 412 1898 Agitur
436 1854 499 1889 de
524 1853 720 1889 dicendi
746 1865 928 1899 genere
955 1857 1008 1891 et
1034 1855 1273 1890 orationis
1297 1854 1456 1889 forma
1482 1854 1573 1888 Le-

273 1909 414 1954 gibus
437 1909 699 1953 peculiari,
726 1911 778 1946 et
801 1913 1003 1956 prlmum
1029 1912 1223 1955 quidem
1249 1909 1540 1955 generatim.

350 2009 461 2051 Sunt
490 2016 634 2052 autem
664 2011 748 2052 tria
775 2011 985 2065 imprimis
1017 2011 1173 2066 capita,
1205 2026 1314 2064 quae
1344 2011 1389 2052 in
1420 2011 1570 2051 harum

236 2079 378 2106 rerum
410 2066 660 2120 quaestione
691 2068 873 2131 maxime
893 2067 1131 2120 spectanda
1159 2067 1396 2108 videantur.
1455 2065 1569 2107 Nam

235 2120 417 2174 primum
456 2120 629 2174 quidem
680 2122 879 2164 universe
928 2121 1256 2165 describendum
1305 2122 1386 2163 erit
1431 2136 1568 2176 genus

236 2176 470 2229 orationis,
509 2177 626 2230 quod
665 2177 948 2233 philosophus
987 2178 1054 2220 his
1090 2179 1134 2219 in
1171 2178 1439 2220 sermonibus
1490 2193 1568 2232 pro

236 2232 477 2287 argumenti
517 2238 560 2273 et
594 2233 763 2274 consilii
791 2234 980 2275 universi
1020 2234 1162 2288 operis
1190 2234 1430 2275 rationibus
1462 2232 1567 2274 deli-

267 2286 424 2329 endum
472 2287 738 2332 iudicaverit.
819 2288 988 2331 Deinde
1049 2289 1267 2344 disputare
1317 2289 1566 2330 debebimus

267 2357 290 2384 e
337 2343 614 2396 eloquutione
660 2344 885 2386 verborum
943 2351 1029 2386 tam
1109 2345 1381 2386 rammaticae
1438 2359 1564 2399 quam

234 2397 472 2440 rhetoricae
510 2399 614 2440 artis
653 2398 801 2441 habita
835 2401 1012 2442 ratione.
1077 2361 1247 2464 {Quibus
1276 2400 1382 2442 locis
1416 2415 1565 2454 perve-

234 2454 404 2509 stigatis
442 2460 661 2519 postremo
701 2456 999 2510 explicandum
1040 2456 1119 2503 erit
1167 2456 1220 2497 de
1257 2455 1563 2519 singularibus,

233 2510 271 2551 si
310 2524 420 2575 quae
454 2510 749 2575 reperiantur,
781 2513 850 2553 vel
879 2511 995 2554 vitiis
1025 2512 1091 2553 vel
1121 2511 1373 2563 virtutibus,
1409 2511 1563 2565 quibus

233 2566 371 2607 oratio
410 2565 610 2608 videatur
642 2566 825 2623 insignis
856 2582 963 2611 esse.
1020 2567 1134 2609 Nam
1162 2567 1230 2608 his
1259 2567 1457 2609 omnibus
1489 2566 1563 2609 de-

233 2635 346 2662 mum
377 2622 618 2663 accuratius
647 2601 930 2666 consideratis
959 2622 1053 2664 fieri
1085 2622 1270 2676 denique
1298 2623 1482 2678 poterit,
1515 2630 1560 2664 ut

563 2784 575 2801 Ἰ
