<?xml version="1.0" encoding="UTF-8"?>
<!DOCTYPE html PUBLIC "-//W3C//DTD XHTML 1.0 Transitional//EN"
    "http://www.w3.org/TR/xhtml1/DTD/xhtml1-transitional.dtd">
<html xmlns="http://www.w3.org/1999/xhtml" xml:lang="en" lang="en">
 <head>
  <title>
</title>
<meta http-equiv="Content-Type" content="text/html;charset=utf-8" />
  <meta name='ocr-system' content='tesseract 3.04.00' />
  <meta name='ocr-capabilities' content='ocr_page ocr_carea ocr_par ocr_line ocrx_word'/>
</head>
<body>
  <div class='ocr_page' id='page_1' title='image "./s2operaomniarece10platuoft_0058.png"; bbox 0 0 1644 2886; ppageno 0'>
   <div class='ocr_carea' id='block_1_1' title="bbox 262 110 1169 162">
    <p class='ocr_par' dir='ltr' id='par_1_1' title="bbox 262 110 1169 162">
     <span class='ocr_line' id='line_1_1' title="bbox 262 110 1169 162; baseline -0.01 -1"><span class='ocrx_word' id='word_1_1' title='bbox 262 118 369 162; x_wconf 87' lang='lat' dir='ltr'>LIV</span> <span class='ocrx_word' id='word_1_2' title='bbox 691 110 1169 157; x_wconf 76' lang='lat' dir='ltr'>PROLEGOMENA</span> 
     </span>
    </p>
   </div>
   <div class='ocr_carea' id='block_1_2' title="bbox 259 221 1619 2668">
    <p class='ocr_par' dir='ltr' id='par_1_2' title="bbox 259 221 1619 2668">
     <span class='ocr_line' id='line_1_2' title="bbox 260 221 1598 285; baseline -0.009 -15"><span class='ocrx_word' id='word_1_3' title='bbox 260 229 546 285; x_wconf 83' lang='lat' dir='ltr'>philosophis,</span> <span class='ocrx_word' id='word_1_4' title='bbox 579 226 654 268; x_wconf 87' lang='lat' dir='ltr'>sed</span> <span class='ocrx_word' id='word_1_5' title='bbox 685 240 710 266; x_wconf 86' lang='lat' dir='ltr'>a</span> <span class='ocrx_word' id='word_1_6' title='bbox 740 225 909 266; x_wconf 89' lang='lat' dir='ltr'>civibus</span> <span class='ocrx_word' id='word_1_7' title='bbox 940 223 1222 279; x_wconf 84' lang='lat' dir='ltr'>prudentibus</span> <span class='ocrx_word' id='word_1_8' title='bbox 1253 230 1296 263; x_wconf 88' lang='lat' dir='ltr'>et</span> <span class='ocrx_word' id='word_1_9' title='bbox 1326 221 1598 262; x_wconf 85' lang='lat' dir='ltr'>mediocriter</span> 
     </span>
     <span class='ocr_line' id='line_1_3' title="bbox 259 278 1595 339; baseline -0.007 -12"><span class='ocrx_word' id='word_1_10' title='bbox 259 284 438 326; x_wconf 84' lang='lat' dir='ltr'>eruditis</span> <span class='ocrx_word' id='word_1_11' title='bbox 467 284 802 339; x_wconf 81' lang='lat' dir='ltr'>gubernaretur,</span> <span class='ocrx_word' id='word_1_12' title='bbox 845 280 1006 334; x_wconf 82' lang='lat' dir='ltr'>quippe</span> <span class='ocrx_word' id='word_1_13' title='bbox 1036 294 1167 332; x_wconf 90' lang='lat' dir='ltr'>quum</span> <span class='ocrx_word' id='word_1_14' title='bbox 1198 278 1281 333; x_wconf 90' lang='lat' dir='ltr'>ipsi</span> <span class='ocrx_word' id='word_1_15' title='bbox 1310 278 1453 333; x_wconf 90' lang='lat' dir='ltr'>legum</span> <span class='ocrx_word' id='word_1_16' title='bbox 1483 278 1595 331; x_wconf 83' lang='lat' dir='ltr'>sapi-</span> 
     </span>
     <span class='ocr_line' id='line_1_4' title="bbox 259 334 1595 381; baseline -0.007 1"><span class='ocrx_word' id='word_1_17' title='bbox 259 341 375 381; x_wconf 83' lang='lat' dir='ltr'>entia</span> <span class='ocrx_word' id='word_1_18' title='bbox 403 339 522 381; x_wconf 89' lang='lat' dir='ltr'>velut</span> <span class='ocrx_word' id='word_1_19' title='bbox 559 337 826 378; x_wconf 86' lang='lat' dir='ltr'>extrinsecus</span> <span class='ocrx_word' id='word_1_20' title='bbox 866 340 1224 377; x_wconf 79' lang='lat' dir='ltr'>sustentarentur.</span> <span class='ocrx_word' id='word_1_21' title='bbox 1285 334 1421 375; x_wconf 84' lang='lat' dir='ltr'>Senes</span> <span class='ocrx_word' id='word_1_22' title='bbox 1454 340 1595 373; x_wconf 86' lang='lat' dir='ltr'>autem</span> 
     </span>
     <span class='ocr_line' id='line_1_5' title="bbox 260 388 1596 449; baseline -0.007 -12"><span class='ocrx_word' id='word_1_23' title='bbox 260 395 377 449; x_wconf 88' lang='lat' dir='ltr'>quod</span> <span class='ocrx_word' id='word_1_24' title='bbox 416 395 640 447; x_wconf 84' lang='lat' dir='ltr'>loquentes</span> <span class='ocrx_word' id='word_1_25' title='bbox 680 390 875 444; x_wconf 82' lang='lat' dir='ltr'>induxit,</span> <span class='ocrx_word' id='word_1_26' title='bbox 922 389 1252 446; x_wconf 85' lang='lat' dir='ltr'>prudentissime</span> <span class='ocrx_word' id='word_1_27' title='bbox 1296 389 1380 430; x_wconf 88' lang='lat' dir='ltr'>ista</span> <span class='ocrx_word' id='word_1_28' title='bbox 1430 388 1596 429; x_wconf 87' lang='lat' dir='ltr'>ratione</span> 
     </span>
     <span class='ocr_line' id='line_1_6' title="bbox 260 445 1595 505; baseline -0.005 -14"><span class='ocrx_word' id='word_1_29' title='bbox 260 449 522 505; x_wconf 85' lang='lat' dir='ltr'>significavit</span> <span class='ocrx_word' id='word_1_30' title='bbox 563 447 618 489; x_wconf 87' lang='lat' dir='ltr'>ad</span> <span class='ocrx_word' id='word_1_31' title='bbox 654 447 950 503; x_wconf 81' lang='lat' dir='ltr'>gravissimum</span> <span class='ocrx_word' id='word_1_32' title='bbox 998 445 1186 486; x_wconf 88' lang='lat' dir='ltr'>civitatis</span> <span class='ocrx_word' id='word_1_33' title='bbox 1229 445 1448 499; x_wconf 86' lang='lat' dir='ltr'>sapienter</span> <span class='ocrx_word' id='word_1_34' title='bbox 1494 459 1595 485; x_wconf 91' lang='lat' dir='ltr'>con-</span> 
     </span>
     <span class='ocr_line' id='line_1_7' title="bbox 259 500 1595 558; baseline -0.005 -12"><span class='ocrx_word' id='word_1_35' title='bbox 259 504 502 547; x_wconf 84' lang='lat' dir='ltr'>stituendae</span> <span class='ocrx_word' id='word_1_36' title='bbox 542 509 584 544; x_wconf 90' lang='lat' dir='ltr'>et</span> <span class='ocrx_word' id='word_1_37' title='bbox 623 503 765 558; x_wconf 87' lang='lat' dir='ltr'>legum</span> <span class='ocrx_word' id='word_1_38' title='bbox 796 501 1065 543; x_wconf 85' lang='lat' dir='ltr'>ferendarum</span> <span class='ocrx_word' id='word_1_39' title='bbox 1105 500 1321 555; x_wconf 85' lang='lat' dir='ltr'>negotium</span> <span class='ocrx_word' id='word_1_40' title='bbox 1352 500 1500 553; x_wconf 90' lang='lat' dir='ltr'>utique</span> <span class='ocrx_word' id='word_1_41' title='bbox 1531 514 1595 540; x_wconf 91' lang='lat' dir='ltr'>re-</span> 
     </span>
     <span class='ocr_line' id='line_1_8' title="bbox 260 555 1595 615; baseline -0.004 -14"><span class='ocrx_word' id='word_1_42' title='bbox 260 560 372 614; x_wconf 87' lang='lat' dir='ltr'>quiri</span> <span class='ocrx_word' id='word_1_43' title='bbox 410 558 682 615; x_wconf 83' lang='lat' dir='ltr'>prudentiam</span> <span class='ocrx_word' id='word_1_44' title='bbox 721 565 850 612; x_wconf 87' lang='lat' dir='ltr'>atque</span> <span class='ocrx_word' id='word_1_45' title='bbox 889 557 1140 612; x_wconf 83' lang='lat' dir='ltr'>sapientiam</span> <span class='ocrx_word' id='word_1_46' title='bbox 1177 555 1306 610; x_wconf 89' lang='lat' dir='ltr'>longo</span> <span class='ocrx_word' id='word_1_47' title='bbox 1347 570 1484 596; x_wconf 90' lang='lat' dir='ltr'>rerum</span> <span class='ocrx_word' id='word_1_48' title='bbox 1516 569 1595 595; x_wconf 92' lang='lat' dir='ltr'>usu</span> 
     </span>
     <span class='ocr_line' id='line_1_9' title="bbox 261 610 1594 668; baseline -0.005 -11"><span class='ocrx_word' id='word_1_49' title='bbox 261 616 510 667; x_wconf 79' lang='lat' dir='ltr'>collectam,</span> <span class='ocrx_word' id='word_1_50' title='bbox 555 614 750 668; x_wconf 84' lang='lat' dir='ltr'>adeoque</span> <span class='ocrx_word' id='word_1_51' title='bbox 793 613 1057 655; x_wconf 80' lang='lat' dir='ltr'>subobscure</span> <span class='ocrx_word' id='word_1_52' title='bbox 1114 611 1329 666; x_wconf 81' lang='lat' dir='ltr'>prodidit,</span> <span class='ocrx_word' id='word_1_53' title='bbox 1367 610 1480 665; x_wconf 89' lang='lat' dir='ltr'>quod</span> <span class='ocrx_word' id='word_1_54' title='bbox 1514 611 1594 650; x_wconf 86' lang='lat' dir='ltr'>iam</span> 
     </span>
     <span class='ocr_line' id='line_1_10' title="bbox 261 666 1595 726; baseline -0.004 -15"><span class='ocrx_word' id='word_1_55' title='bbox 261 677 427 713; x_wconf 87' lang='lat' dir='ltr'>veteres</span> <span class='ocrx_word' id='word_1_56' title='bbox 467 670 675 726; x_wconf 85' lang='lat' dir='ltr'>suspicati</span> <span class='ocrx_word' id='word_1_57' title='bbox 714 676 837 722; x_wconf 86' lang='lat' dir='ltr'>sunt,</span> <span class='ocrx_word' id='word_1_58' title='bbox 879 675 1015 710; x_wconf 89' lang='lat' dir='ltr'>semet</span> <span class='ocrx_word' id='word_1_59' title='bbox 1043 668 1185 720; x_wconf 86' lang='lat' dir='ltr'>ipsum</span> <span class='ocrx_word' id='word_1_60' title='bbox 1214 681 1357 708; x_wconf 88' lang='lat' dir='ltr'>senem</span> <span class='ocrx_word' id='word_1_61' title='bbox 1387 666 1595 721; x_wconf 85' lang='lat' dir='ltr'>amplissi-</span> 
     </span>
     <span class='ocr_line' id='line_1_11' title="bbox 260 722 1596 782; baseline -0.004 -14"><span class='ocrx_word' id='word_1_62' title='bbox 260 729 374 768; x_wconf 82' lang='lat' dir='ltr'>mum</span> <span class='ocrx_word' id='word_1_63' title='bbox 403 726 457 767; x_wconf 89' lang='lat' dir='ltr'>de</span> <span class='ocrx_word' id='word_1_64' title='bbox 490 724 681 782; x_wconf 83' lang='lat' dir='ltr'>Legibus</span> <span class='ocrx_word' id='word_1_65' title='bbox 711 740 818 780; x_wconf 89' lang='lat' dir='ltr'>opus</span> <span class='ocrx_word' id='word_1_66' title='bbox 858 723 1041 766; x_wconf 89' lang='lat' dir='ltr'>condere</span> <span class='ocrx_word' id='word_1_67' title='bbox 1071 722 1321 764; x_wconf 88' lang='lat' dir='ltr'>instituisse.</span> <span class='ocrx_word' id='word_1_68' title='bbox 1382 722 1496 763; x_wconf 92' lang='lat' dir='ltr'>Hinc</span> <span class='ocrx_word' id='word_1_69' title='bbox 1526 736 1596 763; x_wconf 89' lang='lat' dir='ltr'>ve—</span> 
     </span>
     <span class='ocr_line' id='line_1_12' title="bbox 260 777 1596 835; baseline -0.003 -12"><span class='ocrx_word' id='word_1_70' title='bbox 260 797 308 824; x_wconf 92' lang='lat' dir='ltr'>ro</span> <span class='ocrx_word' id='word_1_71' title='bbox 357 782 441 823; x_wconf 88' lang='lat' dir='ltr'>alia</span> <span class='ocrx_word' id='word_1_72' title='bbox 486 796 634 824; x_wconf 89' lang='lat' dir='ltr'>rursus</span> <span class='ocrx_word' id='word_1_73' title='bbox 683 787 778 822; x_wconf 86' lang='lat' dir='ltr'>orta</span> <span class='ocrx_word' id='word_1_74' title='bbox 816 786 881 822; x_wconf 87' lang='lat' dir='ltr'>est</span> <span class='ocrx_word' id='word_1_75' title='bbox 922 779 1163 835; x_wconf 87' lang='lat' dir='ltr'>proprietas</span> <span class='ocrx_word' id='word_1_76' title='bbox 1201 777 1401 820; x_wconf 89' lang='lat' dir='ltr'>dictionis</span> <span class='ocrx_word' id='word_1_77' title='bbox 1450 778 1496 819; x_wconf 89' lang='lat' dir='ltr'>in</span> <span class='ocrx_word' id='word_1_78' title='bbox 1546 793 1596 819; x_wconf 88' lang='lat' dir='ltr'>eo</span> 
     </span>
     <span class='ocr_line' id='line_1_13' title="bbox 259 833 1598 894; baseline -0.004 -14"><span class='ocrx_word' id='word_1_79' title='bbox 259 844 508 894; x_wconf 85' lang='lat' dir='ltr'>usurpatae.</span> <span class='ocrx_word' id='word_1_80' title='bbox 570 837 681 879; x_wconf 89' lang='lat' dir='ltr'>Nam</span> <span class='ocrx_word' id='word_1_81' title='bbox 721 835 909 878; x_wconf 91' lang='lat' dir='ltr'>studium</span> <span class='ocrx_word' id='word_1_82' title='bbox 948 834 1068 879; x_wconf 86' lang='lat' dir='ltr'>istud</span> <span class='ocrx_word' id='word_1_83' title='bbox 1098 848 1166 874; x_wconf 86' lang='lat' dir='ltr'>res</span> <span class='ocrx_word' id='word_1_84' title='bbox 1196 849 1283 875; x_wconf 91' lang='lat' dir='ltr'>non</span> <span class='ocrx_word' id='word_1_85' title='bbox 1313 833 1526 875; x_wconf 87' lang='lat' dir='ltr'>subtiliter</span> <span class='ocrx_word' id='word_1_86' title='bbox 1555 839 1598 875; x_wconf 89' lang='lat' dir='ltr'>et</span> 
     </span>
     <span class='ocr_line' id='line_1_14' title="bbox 261 889 1597 949; baseline -0.004 -13"><span class='ocrx_word' id='word_1_87' title='bbox 261 900 387 936; x_wconf 84' lang='lat' dir='ltr'>acute</span> <span class='ocrx_word' id='word_1_88' title='bbox 418 893 496 935; x_wconf 88' lang='lat' dir='ltr'>sed</span> <span class='ocrx_word' id='word_1_89' title='bbox 526 892 790 949; x_wconf 88' lang='lat' dir='ltr'>populariter</span> <span class='ocrx_word' id='word_1_90' title='bbox 819 898 861 933; x_wconf 89' lang='lat' dir='ltr'>et</span> <span class='ocrx_word' id='word_1_91' title='bbox 891 890 945 931; x_wconf 89' lang='lat' dir='ltr'>ad</span> <span class='ocrx_word' id='word_1_92' title='bbox 976 904 1222 932; x_wconf 89' lang='lat' dir='ltr'>communes</span> <span class='ocrx_word' id='word_1_93' title='bbox 1254 889 1472 931; x_wconf 89' lang='lat' dir='ltr'>hominum</span> <span class='ocrx_word' id='word_1_94' title='bbox 1502 903 1597 930; x_wconf 86' lang='lat' dir='ltr'>sen-</span> 
     </span>
     <span class='ocr_line' id='line_1_15' title="bbox 261 945 1597 1001; baseline -0.004 -10"><span class='ocrx_word' id='word_1_95' title='bbox 261 963 335 991; x_wconf 89' lang='lat' dir='ltr'>sus</span> <span class='ocrx_word' id='word_1_96' title='bbox 382 948 702 991; x_wconf 88' lang='lat' dir='ltr'>accommodate</span> <span class='ocrx_word' id='word_1_97' title='bbox 742 945 955 988; x_wconf 84' lang='lat' dir='ltr'>tractandi</span> <span class='ocrx_word' id='word_1_98' title='bbox 1000 946 1168 1001; x_wconf 84' lang='lat' dir='ltr'>peperit</span> <span class='ocrx_word' id='word_1_99' title='bbox 1206 960 1308 986; x_wconf 82' lang='lat' dir='ltr'>sane</span> <span class='ocrx_word' id='word_1_100' title='bbox 1349 945 1597 986; x_wconf 89' lang='lat' dir='ltr'>insolentio-</span> 
     </span>
     <span class='ocr_line' id='line_1_16' title="bbox 261 1000 1619 1059; baseline -0.004 -13"><span class='ocrx_word' id='word_1_101' title='bbox 261 1019 349 1046; x_wconf 89' lang='lat' dir='ltr'>rem</span> <span class='ocrx_word' id='word_1_102' title='bbox 391 1004 606 1059; x_wconf 82' lang='lat' dir='ltr'>quandam</span> <span class='ocrx_word' id='word_1_103' title='bbox 654 1003 860 1045; x_wconf 88' lang='lat' dir='ltr'>orationis</span> <span class='ocrx_word' id='word_1_104' title='bbox 908 1002 1224 1056; x_wconf 87' lang='lat' dir='ltr'>simplicitatem</span> <span class='ocrx_word' id='word_1_105' title='bbox 1275 1015 1301 1040; x_wconf 89' lang='lat' dir='ltr'>a</span> <span class='ocrx_word' id='word_1_106' title='bbox 1349 1000 1619 1055; x_wconf 14' lang='lat' dir='ltr'>philosophi*</span> 
     </span>
     <span class='ocr_line' id='line_1_17' title="bbox 262 1056 1598 1114; baseline -0.004 -12"><span class='ocrx_word' id='word_1_107' title='bbox 262 1061 426 1102; x_wconf 83' lang='lat' dir='ltr'>ratione</span> <span class='ocrx_word' id='word_1_108' title='bbox 469 1060 571 1101; x_wconf 88' lang='lat' dir='ltr'>alibi</span> <span class='ocrx_word' id='word_1_109' title='bbox 614 1073 819 1114; x_wconf 82' lang='lat' dir='ltr'>expressa</span> <span class='ocrx_word' id='word_1_110' title='bbox 860 1073 944 1099; x_wconf 93' lang='lat' dir='ltr'>non</span> <span class='ocrx_word' id='word_1_111' title='bbox 985 1057 1158 1111; x_wconf 87' lang='lat' dir='ltr'>quidem</span> <span class='ocrx_word' id='word_1_112' title='bbox 1197 1056 1322 1110; x_wconf 85' lang='lat' dir='ltr'>plane</span> <span class='ocrx_word' id='word_1_113' title='bbox 1364 1056 1598 1098; x_wconf 87' lang='lat' dir='ltr'>abhorren-</span> 
     </span>
     <span class='ocr_line' id='line_1_18' title="bbox 262 1112 1596 1170; baseline -0.005 -12"><span class='ocrx_word' id='word_1_114' title='bbox 262 1123 372 1170; x_wconf 88' lang='lat' dir='ltr'>tem,</span> <span class='ocrx_word' id='word_1_115' title='bbox 412 1115 490 1158; x_wconf 90' lang='lat' dir='ltr'>sed</span> <span class='ocrx_word' id='word_1_116' title='bbox 528 1121 672 1156; x_wconf 89' lang='lat' dir='ltr'>tamen</span> <span class='ocrx_word' id='word_1_117' title='bbox 710 1114 971 1155; x_wconf 86' lang='lat' dir='ltr'>alieniorem.</span> <span class='ocrx_word' id='word_1_118' title='bbox 1030 1112 1237 1155; x_wconf 88' lang='lat' dir='ltr'>Senilinm</span> <span class='ocrx_word' id='word_1_119' title='bbox 1267 1117 1407 1152; x_wconf 83' lang='lat' dir='ltr'>autem</span> <span class='ocrx_word' id='word_1_120' title='bbox 1438 1126 1596 1154; x_wconf 85' lang='lat' dir='ltr'>sermo—</span> 
     </span>
     <span class='ocr_line' id='line_1_19' title="bbox 262 1167 1598 1221; baseline -0.004 -9"><span class='ocrx_word' id='word_1_121' title='bbox 262 1186 362 1212; x_wconf 90' lang='lat' dir='ltr'>num</span> <span class='ocrx_word' id='word_1_122' title='bbox 421 1171 600 1212; x_wconf 88' lang='lat' dir='ltr'>imitatio</span> <span class='ocrx_word' id='word_1_123' title='bbox 647 1169 828 1211; x_wconf 87' lang='lat' dir='ltr'>orationi</span> <span class='ocrx_word' id='word_1_124' title='bbox 867 1168 1050 1210; x_wconf 89' lang='lat' dir='ltr'>subinde</span> <span class='ocrx_word' id='word_1_125' title='bbox 1101 1167 1246 1208; x_wconf 87' lang='lat' dir='ltr'>attulit</span> <span class='ocrx_word' id='word_1_126' title='bbox 1296 1168 1442 1208; x_wconf 88' lang='lat' dir='ltr'>nescio</span> <span class='ocrx_word' id='word_1_127' title='bbox 1493 1167 1598 1221; x_wconf 89' lang='lat' dir='ltr'>quid</span> 
     </span>
     <span class='ocr_line' id='line_1_20' title="bbox 261 1223 1597 1282; baseline -0.002 -15"><span class='ocrx_word' id='word_1_128' title='bbox 261 1227 481 1282; x_wconf 84' lang='lat' dir='ltr'>languoris</span> <span class='ocrx_word' id='word_1_129' title='bbox 523 1232 567 1268; x_wconf 88' lang='lat' dir='ltr'>et</span> <span class='ocrx_word' id='word_1_130' title='bbox 605 1226 727 1279; x_wconf 87' lang='lat' dir='ltr'>quasi</span> <span class='ocrx_word' id='word_1_131' title='bbox 770 1223 1036 1266; x_wconf 81' lang='lat' dir='ltr'>lassitudinis</span> <span class='ocrx_word' id='word_1_132' title='bbox 1066 1223 1131 1264; x_wconf 91' lang='lat' dir='ltr'>vel</span> <span class='ocrx_word' id='word_1_133' title='bbox 1164 1223 1291 1264; x_wconf 86' lang='lat' dir='ltr'>etiam</span> <span class='ocrx_word' id='word_1_134' title='bbox 1324 1223 1597 1277; x_wconf 87' lang='lat' dir='ltr'>prolixitatis,</span> 
     </span>
     <span class='ocr_line' id='line_1_21' title="bbox 261 1278 1596 1336; baseline -0.002 -13"><span class='ocrx_word' id='word_1_135' title='bbox 261 1288 311 1324; x_wconf 86' lang='lat' dir='ltr'>ut</span> <span class='ocrx_word' id='word_1_136' title='bbox 339 1281 525 1336; x_wconf 91' lang='lat' dir='ltr'>denique</span> <span class='ocrx_word' id='word_1_137' title='bbox 555 1287 692 1323; x_wconf 89' lang='lat' dir='ltr'>totum</span> <span class='ocrx_word' id='word_1_138' title='bbox 721 1294 830 1336; x_wconf 85' lang='lat' dir='ltr'>opus</span> <span class='ocrx_word' id='word_1_139' title='bbox 861 1295 998 1335; x_wconf 85' lang='lat' dir='ltr'>paene</span> <span class='ocrx_word' id='word_1_140' title='bbox 1028 1279 1163 1322; x_wconf 88' lang='lat' dir='ltr'>senile</span> <span class='ocrx_word' id='word_1_141' title='bbox 1195 1278 1399 1332; x_wconf 88' lang='lat' dir='ltr'>quiddam</span> <span class='ocrx_word' id='word_1_142' title='bbox 1429 1279 1596 1320; x_wconf 83' lang='lat' dir='ltr'>referat.</span> 
     </span>
     <span class='ocr_line' id='line_1_22' title="bbox 263 1334 1599 1392; baseline -0.002 -13"><span class='ocrx_word' id='word_1_143' title='bbox 263 1338 330 1379; x_wconf 84' lang='lat' dir='ltr'>Ex</span> <span class='ocrx_word' id='word_1_144' title='bbox 369 1353 454 1392; x_wconf 91' lang='lat' dir='ltr'>quo</span> <span class='ocrx_word' id='word_1_145' title='bbox 482 1338 650 1390; x_wconf 86' lang='lat' dir='ltr'>evenit,</span> <span class='ocrx_word' id='word_1_146' title='bbox 686 1343 733 1377; x_wconf 85' lang='lat' dir='ltr'>ut</span> <span class='ocrx_word' id='word_1_147' title='bbox 763 1336 960 1390; x_wconf 84' lang='lat' dir='ltr'>quamvis</span> <span class='ocrx_word' id='word_1_148' title='bbox 988 1335 1214 1376; x_wconf 88' lang='lat' dir='ltr'>universae</span> <span class='ocrx_word' id='word_1_149' title='bbox 1245 1334 1451 1376; x_wconf 87' lang='lat' dir='ltr'>orationis</span> <span class='ocrx_word' id='word_1_150' title='bbox 1481 1335 1599 1376; x_wconf 90' lang='lat' dir='ltr'>color</span> 
     </span>
     <span class='ocr_line' id='line_1_23' title="bbox 262 1392 1597 1446; baseline -0.003 -11"><span class='ocrx_word' id='word_1_151' title='bbox 262 1408 390 1435; x_wconf 87' lang='lat' dir='ltr'>sanus</span> <span class='ocrx_word' id='word_1_152' title='bbox 428 1393 508 1446; x_wconf 87' lang='lat' dir='ltr'>sit,</span> <span class='ocrx_word' id='word_1_153' title='bbox 547 1399 689 1434; x_wconf 88' lang='lat' dir='ltr'>tamen</span> <span class='ocrx_word' id='word_1_154' title='bbox 724 1392 1042 1432; x_wconf 85' lang='lat' dir='ltr'>enuntiatorum</span> <span class='ocrx_word' id='word_1_155' title='bbox 1081 1395 1295 1432; x_wconf 84' lang='lat' dir='ltr'>structura</span> <span class='ocrx_word' id='word_1_156' title='bbox 1324 1396 1453 1443; x_wconf 88' lang='lat' dir='ltr'>atque</span> <span class='ocrx_word' id='word_1_157' title='bbox 1484 1405 1597 1431; x_wconf 90' lang='lat' dir='ltr'>com-</span> 
     </span>
     <span class='ocr_line' id='line_1_24' title="bbox 261 1446 1596 1504; baseline -0.003 -14"><span class='ocrx_word' id='word_1_158' title='bbox 261 1448 421 1504; x_wconf 88' lang='lat' dir='ltr'>positio</span> <span class='ocrx_word' id='word_1_159' title='bbox 459 1449 658 1490; x_wconf 90' lang='lat' dir='ltr'>licentior</span> <span class='ocrx_word' id='word_1_160' title='bbox 695 1447 892 1488; x_wconf 88' lang='lat' dir='ltr'>videatur</span> <span class='ocrx_word' id='word_1_161' title='bbox 922 1453 1051 1499; x_wconf 81' lang='lat' dir='ltr'>atque</span> <span class='ocrx_word' id='word_1_162' title='bbox 1091 1451 1256 1501; x_wconf 84' lang='lat' dir='ltr'>gratam</span> <span class='ocrx_word' id='word_1_163' title='bbox 1286 1446 1499 1498; x_wconf 88' lang='lat' dir='ltr'>quandam</span> <span class='ocrx_word' id='word_1_164' title='bbox 1528 1446 1596 1487; x_wconf 90' lang='lat' dir='ltr'>vel</span> 
     </span>
     <span class='ocr_line' id='line_1_25' title="bbox 261 1501 1596 1558; baseline -0.004 -12"><span class='ocrx_word' id='word_1_165' title='bbox 261 1504 442 1546; x_wconf 87' lang='lat' dir='ltr'>subinde</span> <span class='ocrx_word' id='word_1_166' title='bbox 485 1504 610 1545; x_wconf 89' lang='lat' dir='ltr'>etiam</span> <span class='ocrx_word' id='word_1_167' title='bbox 652 1504 861 1555; x_wconf 75' lang='lat' dir='ltr'>ingratam</span> <span class='ocrx_word' id='word_1_168' title='bbox 902 1502 1207 1558; x_wconf 82' lang='lat' dir='ltr'>negligentiam</span> <span class='ocrx_word' id='word_1_169' title='bbox 1245 1503 1403 1542; x_wconf 88' lang='lat' dir='ltr'>referat</span> <span class='ocrx_word' id='word_1_170' title='bbox 1431 1501 1596 1543; x_wconf 88' lang='lat' dir='ltr'>studio-</span> 
     </span>
     <span class='ocr_line' id='line_1_26' title="bbox 263 1557 1596 1614; baseline -0.003 -13"><span class='ocrx_word' id='word_1_171' title='bbox 263 1560 352 1602; x_wconf 89' lang='lat' dir='ltr'>sius</span> <span class='ocrx_word' id='word_1_172' title='bbox 384 1560 633 1614; x_wconf 83' lang='lat' dir='ltr'>quaesitam.</span> <span class='ocrx_word' id='word_1_173' title='bbox 695 1559 907 1600; x_wconf 90' lang='lat' dir='ltr'>Nimirum</span> <span class='ocrx_word' id='word_1_174' title='bbox 927 1558 1009 1599; x_wconf 90' lang='lat' dir='ltr'>hoc</span> <span class='ocrx_word' id='word_1_175' title='bbox 1040 1557 1212 1612; x_wconf 89' lang='lat' dir='ltr'>quidem</span> <span class='ocrx_word' id='word_1_176' title='bbox 1243 1557 1356 1598; x_wconf 88' lang='lat' dir='ltr'>unde</span> <span class='ocrx_word' id='word_1_177' title='bbox 1388 1557 1596 1613; x_wconf 86' lang='lat' dir='ltr'>originem</span> 
     </span>
     <span class='ocr_line' id='line_1_27' title="bbox 261 1612 1597 1670; baseline -0.002 -14"><span class='ocrx_word' id='word_1_178' title='bbox 261 1615 441 1656; x_wconf 83' lang='lat' dir='ltr'>traxerit</span> <span class='ocrx_word' id='word_1_179' title='bbox 479 1621 523 1656; x_wconf 90' lang='lat' dir='ltr'>et</span> <span class='ocrx_word' id='word_1_180' title='bbox 562 1615 718 1670; x_wconf 92' lang='lat' dir='ltr'>quibus</span> <span class='ocrx_word' id='word_1_181' title='bbox 756 1615 898 1656; x_wconf 80' lang='lat' dir='ltr'>causis</span> <span class='ocrx_word' id='word_1_182' title='bbox 940 1614 1018 1654; x_wconf 89' lang='lat' dir='ltr'>niti</span> <span class='ocrx_word' id='word_1_183' title='bbox 1058 1612 1284 1654; x_wconf 91' lang='lat' dir='ltr'>dicendum</span> <span class='ocrx_word' id='word_1_184' title='bbox 1317 1613 1394 1666; x_wconf 88' lang='lat' dir='ltr'>sit,</span> <span class='ocrx_word' id='word_1_185' title='bbox 1436 1613 1481 1653; x_wconf 90' lang='lat' dir='ltr'>id</span> <span class='ocrx_word' id='word_1_186' title='bbox 1511 1613 1597 1654; x_wconf 89' lang='lat' dir='ltr'>cla-</span> 
     </span>
     <span class='ocr_line' id='line_1_28' title="bbox 261 1668 1595 1722; baseline -0.002 -10"><span class='ocrx_word' id='word_1_187' title='bbox 261 1671 349 1712; x_wconf 89' lang='lat' dir='ltr'>rius</span> <span class='ocrx_word' id='word_1_188' title='bbox 378 1671 642 1712; x_wconf 86' lang='lat' dir='ltr'>intellectum</span> <span class='ocrx_word' id='word_1_189' title='bbox 671 1670 723 1711; x_wconf 89' lang='lat' dir='ltr'>iri</span> <span class='ocrx_word' id='word_1_190' title='bbox 746 1671 1014 1722; x_wconf 82' lang='lat' dir='ltr'>arbitramur,</span> <span class='ocrx_word' id='word_1_191' title='bbox 1046 1669 1119 1711; x_wconf 92' lang='lat' dir='ltr'>ubi</span> <span class='ocrx_word' id='word_1_192' title='bbox 1150 1668 1289 1710; x_wconf 87' lang='lat' dir='ltr'>adhuc</span> <span class='ocrx_word' id='word_1_193' title='bbox 1310 1684 1440 1709; x_wconf 91' lang='lat' dir='ltr'>unum</span> <span class='ocrx_word' id='word_1_194' title='bbox 1472 1668 1595 1722; x_wconf 91' lang='lat' dir='ltr'>quid-</span> 
     </span>
     <span class='ocr_line' id='line_1_29' title="bbox 262 1724 1595 1780; baseline -0.002 -13"><span class='ocrx_word' id='word_1_195' title='bbox 262 1725 359 1767; x_wconf 88' lang='lat' dir='ltr'>dam</span> <span class='ocrx_word' id='word_1_196' title='bbox 398 1726 847 1778; x_wconf 85' lang='lat' dir='ltr'>animadverterimus,</span> <span class='ocrx_word' id='word_1_197' title='bbox 887 1725 1001 1767; x_wconf 90' lang='lat' dir='ltr'>unde</span> <span class='ocrx_word' id='word_1_198' title='bbox 1043 1725 1210 1780; x_wconf 88' lang='lat' dir='ltr'>Legum</span> <span class='ocrx_word' id='word_1_199' title='bbox 1241 1724 1475 1765; x_wconf 89' lang='lat' dir='ltr'>orationem</span> <span class='ocrx_word' id='word_1_200' title='bbox 1506 1739 1595 1765; x_wconf 90' lang='lat' dir='ltr'>cer-</span> 
     </span>
     <span class='ocr_line' id='line_1_30' title="bbox 261 1779 1594 1835; baseline -0.002 -13"><span class='ocrx_word' id='word_1_201' title='bbox 261 1782 346 1823; x_wconf 91' lang='lat' dir='ltr'>tius</span> <span class='ocrx_word' id='word_1_202' title='bbox 389 1781 579 1823; x_wconf 86' lang='lat' dir='ltr'>iudicare</span> <span class='ocrx_word' id='word_1_203' title='bbox 620 1788 745 1835; x_wconf 81' lang='lat' dir='ltr'>atque</span> <span class='ocrx_word' id='word_1_204' title='bbox 777 1782 1002 1822; x_wconf 81' lang='lat' dir='ltr'>aestimare</span> <span class='ocrx_word' id='word_1_205' title='bbox 1030 1780 1212 1822; x_wconf 84' lang='lat' dir='ltr'>licuerit.</span> <span class='ocrx_word' id='word_1_206' title='bbox 1273 1779 1456 1834; x_wconf 86' lang='lat' dir='ltr'>Scripsit</span> <span class='ocrx_word' id='word_1_207' title='bbox 1485 1780 1594 1820; x_wconf 90' lang='lat' dir='ltr'>enim</span> 
     </span>
     <span class='ocr_line' id='line_1_31' title="bbox 260 1836 1593 1902; baseline -0.002 -24"><span class='ocrx_word' id='word_1_208' title='bbox 260 1837 569 1902; x_wconf 88' lang='lat' dir='ltr'>philosophus,</span> <span class='ocrx_word' id='word_1_209' title='bbox 608 1844 657 1879; x_wconf 90' lang='lat' dir='ltr'>ut</span> <span class='ocrx_word' id='word_1_210' title='bbox 697 1837 781 1878; x_wconf 85' lang='lat' dir='ltr'>alio</span> <span class='ocrx_word' id='word_1_211' title='bbox 823 1837 917 1878; x_wconf 90' lang='lat' dir='ltr'>loco</span> <span class='ocrx_word' id='word_1_212' title='bbox 958 1836 1246 1888; x_wconf 82' lang='lat' dir='ltr'>ostendimus,</span> <span class='ocrx_word' id='word_1_213' title='bbox 1287 1850 1395 1890; x_wconf 93' lang='lat' dir='ltr'>opus</span> <span class='ocrx_word' id='word_1_214' title='bbox 1430 1836 1593 1891; x_wconf 87' lang='lat' dir='ltr'>Legum</span> 
     </span>
     <span class='ocr_line' id='line_1_32' title="bbox 260 1890 1594 1948; baseline -0.002 -14"><span class='ocrx_word' id='word_1_215' title='bbox 260 1907 343 1934; x_wconf 82' lang='lat' dir='ltr'>lam</span> <span class='ocrx_word' id='word_1_216' title='bbox 383 1907 516 1934; x_wconf 85' lang='lat' dir='ltr'>senex</span> <span class='ocrx_word' id='word_1_217' title='bbox 558 1893 735 1948; x_wconf 87' lang='lat' dir='ltr'>grandis</span> <span class='ocrx_word' id='word_1_218' title='bbox 774 1899 912 1933; x_wconf 85' lang='lat' dir='ltr'>aetate</span> <span class='ocrx_word' id='word_1_219' title='bbox 953 1892 1088 1933; x_wconf 88' lang='lat' dir='ltr'>factus</span> <span class='ocrx_word' id='word_1_220' title='bbox 1130 1905 1268 1945; x_wconf 88' lang='lat' dir='ltr'>neque</span> <span class='ocrx_word' id='word_1_221' title='bbox 1307 1890 1414 1931; x_wconf 87' lang='lat' dir='ltr'>illud</span> <span class='ocrx_word' id='word_1_222' title='bbox 1443 1895 1594 1945; x_wconf 90' lang='lat' dir='ltr'>utpote</span> 
     </span>
     <span class='ocr_line' id='line_1_33' title="bbox 261 1946 1594 2004; baseline -0.002 -15"><span class='ocrx_word' id='word_1_223' title='bbox 261 1954 396 1989; x_wconf 90' lang='lat' dir='ltr'>morte</span> <span class='ocrx_word' id='word_1_224' title='bbox 427 1963 659 2004; x_wconf 84' lang='lat' dir='ltr'>oppressus</span> <span class='ocrx_word' id='word_1_225' title='bbox 678 1948 892 2002; x_wconf 87' lang='lat' dir='ltr'>perpolire</span> <span class='ocrx_word' id='word_1_226' title='bbox 919 1947 1074 2001; x_wconf 78' lang='lat' dir='ltr'>potuit,</span> <span class='ocrx_word' id='word_1_227' title='bbox 1107 1946 1221 1987; x_wconf 90' lang='lat' dir='ltr'>unde</span> <span class='ocrx_word' id='word_1_228' title='bbox 1252 1953 1352 2001; x_wconf 89' lang='lat' dir='ltr'>post</span> <span class='ocrx_word' id='word_1_229' title='bbox 1382 1947 1473 1987; x_wconf 88' lang='lat' dir='ltr'>eius</span> <span class='ocrx_word' id='word_1_230' title='bbox 1502 1946 1594 1987; x_wconf 94' lang='lat' dir='ltr'>obi-</span> 
     </span>
     <span class='ocr_line' id='line_1_34' title="bbox 260 2001 1594 2057; baseline -0.001 -13"><span class='ocrx_word' id='word_1_231' title='bbox 260 2003 549 2045; x_wconf 73' lang='lat' dir='ltr'>tum&#39;demum</span> <span class='ocrx_word' id='word_1_232' title='bbox 580 2018 632 2045; x_wconf 84' lang='lat' dir='ltr'>ex</span> <span class='ocrx_word' id='word_1_233' title='bbox 660 2003 797 2057; x_wconf 90' lang='lat' dir='ltr'>ipsius</span> <span class='ocrx_word' id='word_1_234' title='bbox 826 2003 985 2044; x_wconf 87' lang='lat' dir='ltr'>tabulis</span> <span class='ocrx_word' id='word_1_235' title='bbox 1004 2002 1328 2057; x_wconf 87' lang='lat' dir='ltr'>transscriptum</span> <span class='ocrx_word' id='word_1_236' title='bbox 1359 2008 1401 2042; x_wconf 92' lang='lat' dir='ltr'>et</span> <span class='ocrx_word' id='word_1_237' title='bbox 1426 2001 1470 2042; x_wconf 90' lang='lat' dir='ltr'>in</span> <span class='ocrx_word' id='word_1_238' title='bbox 1501 2001 1594 2042; x_wconf 90' lang='lat' dir='ltr'>vul-</span> 
     </span>
     <span class='ocr_line' id='line_1_35' title="bbox 260 2057 1593 2114; baseline -0.002 -15"><span class='ocrx_word' id='word_1_239' title='bbox 260 2074 342 2114; x_wconf 85' lang='lat' dir='ltr'>gus</span> <span class='ocrx_word' id='word_1_240' title='bbox 381 2059 544 2101; x_wconf 87' lang='lat' dir='ltr'>editum</span> <span class='ocrx_word' id='word_1_241' title='bbox 584 2065 650 2100; x_wconf 91' lang='lat' dir='ltr'>est</span> <span class='ocrx_word' id='word_1_242' title='bbox 689 2073 714 2099; x_wconf 91' lang='lat' dir='ltr'>a</span> <span class='ocrx_word' id='word_1_243' title='bbox 756 2059 956 2113; x_wconf 88' lang='lat' dir='ltr'>Philippo</span> <span class='ocrx_word' id='word_1_244' title='bbox 997 2057 1207 2113; x_wconf 85' lang='lat' dir='ltr'>Opuntio.</span> <span class='ocrx_word' id='word_1_245' title='bbox 1277 2057 1331 2098; x_wconf 92' lang='lat' dir='ltr'>Id</span> <span class='ocrx_word' id='word_1_246' title='bbox 1362 2057 1478 2111; x_wconf 88' lang='lat' dir='ltr'>quod</span> <span class='ocrx_word' id='word_1_247' title='bbox 1508 2071 1593 2098; x_wconf 86' lang='lat' dir='ltr'>non</span> 
     </span>
     <span class='ocr_line' id='line_1_36' title="bbox 260 2111 1590 2168; baseline -0.002 -13"><span class='ocrx_word' id='word_1_248' title='bbox 260 2115 322 2154; x_wconf 90' lang='lat' dir='ltr'>ita</span> <span class='ocrx_word' id='word_1_249' title='bbox 360 2115 494 2155; x_wconf 91' lang='lat' dir='ltr'>multo</span> <span class='ocrx_word' id='word_1_250' title='bbox 536 2120 636 2168; x_wconf 92' lang='lat' dir='ltr'>post</span> <span class='ocrx_word' id='word_1_251' title='bbox 666 2114 758 2155; x_wconf 89' lang='lat' dir='ltr'>eius</span> <span class='ocrx_word' id='word_1_252' title='bbox 789 2120 993 2165; x_wconf 89' lang='lat' dir='ltr'>mortem,</span> <span class='ocrx_word' id='word_1_253' title='bbox 1024 2128 1134 2167; x_wconf 89' lang='lat' dir='ltr'>quae</span> <span class='ocrx_word' id='word_1_254' title='bbox 1163 2112 1314 2153; x_wconf 90' lang='lat' dir='ltr'>incidit</span> <span class='ocrx_word' id='word_1_255' title='bbox 1341 2112 1385 2153; x_wconf 92' lang='lat' dir='ltr'>in</span> <span class='ocrx_word' id='word_1_256' title='bbox 1417 2111 1590 2167; x_wconf 91' lang='lat' dir='ltr'>Olymp.</span> 
     </span>
     <span class='ocr_line' id='line_1_37' title="bbox 263 2167 1593 2213; baseline -0.001 -3"><span class='ocrx_word' id='word_1_257' title='bbox 263 2170 357 2210; x_wconf 79' lang='lat'>108.</span> <span class='ocrx_word' id='word_1_258' title='bbox 392 2184 492 2213; x_wconf 76' lang='lat' dir='ltr'>ann.</span> <span class='ocrx_word' id='word_1_259' title='bbox 536 2173 570 2212; x_wconf 90' lang='lat'>1.</span> <span class='ocrx_word' id='word_1_260' title='bbox 611 2184 685 2206; x_wconf 70' lang='grc' dir='ltr'>Ξ·-</span> <span class='ocrx_word' id='word_1_261' title='bbox 724 2170 817 2210; x_wconf 85' lang='grc'><strong>348.</strong></span> <span class='ocrx_word' id='word_1_262' title='bbox 848 2184 885 2212; x_wconf 81' lang='lat' dir='ltr'>a.</span> <span class='ocrx_word' id='word_1_263' title='bbox 927 2167 1029 2210; x_wconf 84' lang='lat' dir='ltr'>Chr.</span> <span class='ocrx_word' id='word_1_264' title='bbox 1070 2184 1111 2209; x_wconf 91' lang='lat' dir='ltr'>n.</span> <span class='ocrx_word' id='word_1_265' title='bbox 1141 2168 1300 2208; x_wconf 86' lang='lat' dir='ltr'>factum</span> <span class='ocrx_word' id='word_1_266' title='bbox 1339 2167 1393 2209; x_wconf 93' lang='lat' dir='ltr'>sit</span> <span class='ocrx_word' id='word_1_267' title='bbox 1418 2182 1593 2209; x_wconf 87' lang='lat' dir='ltr'>necesse</span> 
     </span>
     <span class='ocr_line' id='line_1_38' title="bbox 260 2222 1592 2278; baseline -0.001 -13"><span class='ocrx_word' id='word_1_268' title='bbox 260 2230 341 2273; x_wconf 82' lang='lat' dir='ltr'>est,</span> <span class='ocrx_word' id='word_1_269' title='bbox 387 2224 737 2278; x_wconf 88' lang='lat' dir='ltr'>quandoquidem</span> <span class='ocrx_word' id='word_1_270' title='bbox 774 2224 858 2265; x_wconf 89' lang='lat' dir='ltr'>iam</span> <span class='ocrx_word' id='word_1_271' title='bbox 897 2223 1186 2265; x_wconf 88' lang='lat' dir='ltr'>Isocrates</span> <span class='ocrx_word' id='word_1_272' title='bbox 1225 2223 1268 2263; x_wconf 91' lang='lat' dir='ltr'>in</span> <span class='ocrx_word' id='word_1_273' title='bbox 1299 2223 1508 2264; x_wconf 84' lang='lat' dir='ltr'>Oratione</span> <span class='ocrx_word' id='word_1_274' title='bbox 1537 2222 1592 2264; x_wconf 87' lang='lat' dir='ltr'>ad</span> 
     </span>
     <span class='ocr_line' id='line_1_39' title="bbox 260 2277 1591 2336; baseline -0.001 -15"><span class='ocrx_word' id='word_1_275' title='bbox 260 2279 504 2336; x_wconf 76' lang='lat' dir='ltr'>Philippum</span> <span class='ocrx_word' id='word_1_276' title='bbox 545 2279 829 2321; x_wconf 88' lang='lat' dir='ltr'>Macedonem</span> <span class='ocrx_word' id='word_1_277' title='bbox 872 2279 1001 2320; x_wconf 89' lang='lat' dir='ltr'>missa</span> <span class='ocrx_word' id='word_1_278' title='bbox 1031 2294 1072 2333; x_wconf 87' lang='lat' dir='ltr'>p.</span> <span class='ocrx_word' id='word_1_279' title='bbox 1102 2279 1168 2319; x_wconf 85' lang='lat'>93.</span> <span class='ocrx_word' id='word_1_280' title='bbox 1202 2277 1267 2321; x_wconf 87' lang='lat' dir='ltr'>ed.</span> <span class='ocrx_word' id='word_1_281' title='bbox 1296 2278 1482 2321; x_wconf 88' lang='lat' dir='ltr'>Bekker.</span> <span class='ocrx_word' id='word_1_282' title='bbox 1514 2293 1591 2332; x_wconf 82' lang='lat'>=</span> 
     </span>
     <span class='ocr_line' id='line_1_40' title="bbox 261 2334 1591 2389; baseline -0.001 -13"><span class='ocrx_word' id='word_1_283' title='bbox 261 2352 300 2389; x_wconf 84' lang='lat' dir='ltr'>p.</span> <span class='ocrx_word' id='word_1_284' title='bbox 332 2336 398 2378; x_wconf 90' lang='lat'>84.</span> <span class='ocrx_word' id='word_1_285' title='bbox 432 2336 479 2377; x_wconf 75' lang='grc' dir='ltr'>Ε.</span> <span class='ocrx_word' id='word_1_286' title='bbox 513 2334 579 2376; x_wconf 90' lang='lat' dir='ltr'>ed.</span> <span class='ocrx_word' id='word_1_287' title='bbox 613 2334 764 2389; x_wconf 83' lang='lat' dir='ltr'>Steph.</span> <span class='ocrx_word' id='word_1_288' title='bbox 797 2336 834 2388; x_wconf 62' lang='grc' dir='ltr'>ξ.</span> <span class='ocrx_word' id='word_1_289' title='bbox 875 2337 934 2377; x_wconf 77' lang='lat'>12.</span> <span class='ocrx_word' id='word_1_290' title='bbox 964 2334 1131 2389; x_wconf 88' lang='lat' dir='ltr'>Legum</span> <span class='ocrx_word' id='word_1_291' title='bbox 1161 2334 1320 2388; x_wconf 88' lang='lat' dir='ltr'>pariter</span> <span class='ocrx_word' id='word_1_292' title='bbox 1349 2340 1477 2387; x_wconf 89' lang='lat' dir='ltr'>atque</span> <span class='ocrx_word' id='word_1_293' title='bbox 1509 2334 1591 2375; x_wconf 85' lang='lat' dir='ltr'>Po-</span> 
     </span>
     <span class='ocr_line' id='line_1_41' title="bbox 259 2388 1590 2444; baseline -0.002 -12"><span class='ocrx_word' id='word_1_294' title='bbox 259 2391 375 2432; x_wconf 81' lang='lat' dir='ltr'>litiae</span> <span class='ocrx_word' id='word_1_295' title='bbox 403 2391 659 2432; x_wconf 86' lang='lat' dir='ltr'>mentionem</span> <span class='ocrx_word' id='word_1_296' title='bbox 691 2391 852 2442; x_wconf 86' lang='lat' dir='ltr'>iniecit,</span> <span class='ocrx_word' id='word_1_297' title='bbox 883 2404 1010 2443; x_wconf 89' lang='lat' dir='ltr'>quam</span> <span class='ocrx_word' id='word_1_298' title='bbox 1049 2388 1281 2429; x_wconf 78' lang='lat' dir='ltr'>orationem</span> <span class='ocrx_word' id='word_1_299' title='bbox 1312 2389 1590 2444; x_wconf 89' lang='lat' dir='ltr'>compositam</span> 
     </span>
     <span class='ocr_line' id='line_1_42' title="bbox 260 2443 1590 2502; baseline -0.001 -17"><span class='ocrx_word' id='word_1_300' title='bbox 260 2460 352 2488; x_wconf 82' lang='lat' dir='ltr'>esse</span> <span class='ocrx_word' id='word_1_301' title='bbox 388 2445 561 2502; x_wconf 92' lang='lat' dir='ltr'>Olymp.</span> <span class='ocrx_word' id='word_1_302' title='bbox 598 2448 686 2487; x_wconf 81' lang='lat'>108.</span> <span class='ocrx_word' id='word_1_303' title='bbox 721 2447 759 2486; x_wconf 65' lang='lat'>⁶2.</span> <span class='ocrx_word' id='word_1_304' title='bbox 792 2471 841 2475; x_wconf 97' lang='lat'><strong>—</strong></span> <span class='ocrx_word' id='word_1_305' title='bbox 875 2447 969 2486; x_wconf 80' lang='lat'>346.</span> <span class='ocrx_word' id='word_1_306' title='bbox 999 2459 1036 2484; x_wconf 80' lang='lat' dir='ltr'>a.</span> <span class='ocrx_word' id='word_1_307' title='bbox 1069 2443 1171 2485; x_wconf 87' lang='lat' dir='ltr'>Chr.</span> <span class='ocrx_word' id='word_1_308' title='bbox 1204 2459 1242 2486; x_wconf 92' lang='lat' dir='ltr'>n.</span> <span class='ocrx_word' id='word_1_309' title='bbox 1276 2459 1326 2485; x_wconf 88' lang='lat' dir='ltr'>ex</span> <span class='ocrx_word' id='word_1_310' title='bbox 1356 2445 1494 2498; x_wconf 89' lang='lat' dir='ltr'>ipsius</span> <span class='ocrx_word' id='word_1_311' title='bbox 1525 2459 1590 2484; x_wconf 88' lang='lat' dir='ltr'>ar—</span> 
     </span>
     <span class='ocr_line' id='line_1_43' title="bbox 260 2499 1588 2557; baseline -0.002 -15"><span class='ocrx_word' id='word_1_312' title='bbox 260 2507 464 2557; x_wconf 87' lang='lat' dir='ltr'>gumento</span> <span class='ocrx_word' id='word_1_313' title='bbox 484 2502 749 2557; x_wconf 83' lang='lat' dir='ltr'>intelligitur.</span> <span class='ocrx_word' id='word_1_314' title='bbox 810 2501 960 2554; x_wconf 86' lang='lat' dir='ltr'>Itaque</span> <span class='ocrx_word' id='word_1_315' title='bbox 978 2499 1189 2552; x_wconf 87' lang='lat' dir='ltr'>suspicari</span> <span class='ocrx_word' id='word_1_316' title='bbox 1221 2514 1324 2541; x_wconf 88' lang='lat' dir='ltr'>sane</span> <span class='ocrx_word' id='word_1_317' title='bbox 1355 2500 1469 2552; x_wconf 91' lang='lat' dir='ltr'>licet,</span> <span class='ocrx_word' id='word_1_318' title='bbox 1501 2505 1588 2547; x_wconf 86' lang='lat' dir='ltr'>tum</span> 
     </span>
     <span class='ocr_line' id='line_1_44' title="bbox 260 2553 1588 2599; baseline -0.004 -1"><span class='ocrx_word' id='word_1_319' title='bbox 260 2559 493 2599; x_wconf 86' lang='lat' dir='ltr'>senectutis</span> <span class='ocrx_word' id='word_1_320' title='bbox 523 2557 765 2599; x_wconf 85' lang='lat' dir='ltr'>tarditatem</span> <span class='ocrx_word' id='word_1_321' title='bbox 796 2556 974 2598; x_wconf 89' lang='lat' dir='ltr'>moleste</span> <span class='ocrx_word' id='word_1_322' title='bbox 1011 2553 1208 2596; x_wconf 78' lang='lat' dir='ltr'>offecisse</span> <span class='ocrx_word' id='word_1_323' title='bbox 1240 2554 1402 2596; x_wconf 85' lang='lat' dir='ltr'>alienae</span> <span class='ocrx_word' id='word_1_324' title='bbox 1431 2555 1588 2596; x_wconf 83' lang='lat' dir='ltr'>oratio-</span> 
     </span>
     <span class='ocr_line' id='line_1_45' title="bbox 261 2609 1589 2668; baseline -0.002 -16"><span class='ocrx_word' id='word_1_325' title='bbox 261 2611 326 2653; x_wconf 91' lang='lat' dir='ltr'>nis</span> <span class='ocrx_word' id='word_1_326' title='bbox 360 2613 536 2668; x_wconf 85' lang='lat' dir='ltr'>eiusque</span> <span class='ocrx_word' id='word_1_327' title='bbox 576 2613 701 2668; x_wconf 88' lang='lat' dir='ltr'>plane</span> <span class='ocrx_word' id='word_1_328' title='bbox 741 2613 933 2654; x_wconf 87' lang='lat' dir='ltr'>insuetae</span> <span class='ocrx_word' id='word_1_329' title='bbox 962 2609 1241 2665; x_wconf 89' lang='lat' dir='ltr'>expressioni,</span> <span class='ocrx_word' id='word_1_330' title='bbox 1273 2616 1321 2652; x_wconf 89' lang='lat' dir='ltr'>ut</span> <span class='ocrx_word' id='word_1_331' title='bbox 1354 2624 1449 2652; x_wconf 86' lang='lat' dir='ltr'>vere</span> <span class='ocrx_word' id='word_1_332' title='bbox 1480 2611 1589 2652; x_wconf 88' lang='lat' dir='ltr'>seni-</span> 
     </span>
    </p>
   </div>
  </div>
 </body>
</html>
