1644 2886
219 87 301 131 DE
335 82 612 130 LEGIBUS
644 81 764 124 LIB.
798 80 850 123 V.
882 79 929 121 P.
963 79 1056 122 73⁴2.
1090 78 1153 122 St.
1331 81 1383 121 31

7 203 194 264 jbvffpa,
230 223 303 250 και
338 203 448 257 ὅλην
483 201 767 258 περιχάοειαν
802 200 953 242 πᾶσαν
984 196 1389 255 ἀποκρυπτόμενον

8 262 107 320 1καὶ
148 276 438 331 περιωδυνίαν
473 271 756 326 εὐσχημονεῖν
793 268 1056 323 πειρᾶσθαι,
1090 265 1203 309 κατά
1239 283 1283 310 τε
1320 266 1389 309 εὐ-

7 334 227 400 'npayiag
268 346 505 397 ἱσταμένου
552 340 631 382 τοῦ
680 339 893 391 δαίμονος
937 334 1127 377 ἑκάστου
1163 337 1237 378 καὶ
1272 333 1386 378 κατὰ

7 511 8 516 ,
38 486 72 509 a.
97 486 126 508 c.
154 472 184 506 δ.
211 478 246 507 et
269 482 379 514 marg.
409 469 450 503 Ω.
499 469 617 511 Vulgo
643 463 892 507 ἀπολιπούσης.

40 592 170 621 nuntur
209 587 326 641 potius
376 586 468 617 inter
507 594 545 617 se
578 583 683 615 haee:

41 631 125 667 κατά
155 644 189 666 τε
221 628 412 674 ευπραγιαε
441 635 476 663 et
513 630 568 662 καὶ
602 625 686 660 κατὰ

43 680 160 723 τύχας,
191 681 242 712 ita
279 679 435 721 quidem,
470 682 508 708 ut
537 677 686 709 alterum

42 739 120 761 cum
170 725 350 765 ἱσταμένου
400 724 462 755 τοῦ
510 721 685 762 δαιμονοε,

42 775 191 808 alterum
220 782 296 803 cum
322 767 496 810 δαιμόνων
519 765 684 801 dumam-
704 765 706 767 ’

42 820 156 861 μένων
176 818 461 859 coniungendam
484 817 540 848 sit.
590 814 686 853 Quo-

44 869 138 900 circa
161 866 353 908 prudenter
378 865 511 906 primus
526 862 689 894 Bekke-

8 914 120 947 ‘'‘rus
163 913 399 954 importunam
436 908 689 952 interpunctio-

42 968 126 993 nem
154 959 313 991 funditus
329 957 480 989 sustulit.
512 956 589 988 Iam
603 965 688 987 vero

8 1000 9 1003 Ἴ
46 1011 180 1040 remoto
206 1006 274 1038 hoc
297 1003 600 1046 interpretationis
626 1002 690 1034 im-

47 1053 246 1096 pedimento
283 1051 485 1089 videamus,
519 1058 690 1090 quaenam

46 1099 163 1131 verbis
212 1098 367 1130 subiecta
414 1096 589 1128 sententia
627 1095 683 1126 sit.

46 1146 97 1178 Et
119 1145 308 1188 participia
332 1143 472 1184 quidem
495 1151 558 1183 per
577 1152 611 1173 τε
630 1139 685 1172 καὶ

48 1201 206 1224 connexa
235 1190 379 1222 dubium
409 1198 479 1220 non
517 1193 570 1220 est
601 1188 686 1229 quin

7 1247 9 1277 1
49 1247 112 1280 per
143 1238 240 1270 sive
277 1254 319 1259 —
354 1236 446 1267 sive
480 1234 688 1276 explicanda

48 1285 137 1321 sint,
161 1283 205 1315 de
240 1292 309 1324 qua
340 1282 507 1323 loquendi
537 1282 688 1320 ratione,

7 1363 9 1368 ,
49 1331 136 1363 satis
175 1330 259 1361 trita
294 1328 372 1366 illa,
407 1339 439 1359 v.
475 1328 688 1359 Matthiae

50 1374 112 1409 Gr.
139 1373 170 1418 §.
196 1375 276 1410 566.
301 1373 339 1408 ’.4
371 1385 405 1415 Ρ.
438 1373 529 1407 1314
553 1384 605 1415 sq.
632 1373 690 1417 ed.

50 1422 84 1457 3.
130 1421 245 1454 Porro
273 1420 368 1462 quod
396 1417 477 1451 κατὰ
503 1418 604 1474 τύχας
630 1430 692 1460 op-

50 1469 194 1511 ponitur
217 1473 423 1508 antegresso
458 1462 533 1498 κάτ’
564 1461 693 1506 εὐπρα

52 1515 144 1557 yles,
170 1515 241 1546 noli
264 1518 409 1556 putare,
434 1513 523 1545 illud
558 1512 693 1555 signifi·

54 1570 134 1594 care
165 1559 489 1592 infelicitatem
527 1561 581 1592 vel
622 1569 692 1591 res

29 1607 38 1616 ’
55 1607 291 1649 adversas3
318 1606 414 1647 quod
439 1610 531 1638 certe
554 1617 617 1648 per
641 1606 694 1638 lo-

55 1653 185 1696 quendi
210 1653 498 1685 consuetudinem
521 1653 598 1685 fieri
622 1662 694 1684 non

53 1703 182 1743 petest.
227 1699 300 1731 lmo
327 1696 406 1740 τύχη
433 1709 539 1741 quum
564 1700 610 1732 sit
633 1709 696 1731 vo-

57 1745 216 1781 eubulum
254 1745 427 1784 medium,
461 1745 518 1777 hic
556 1755 696 1788 quoque

55 1787 182 1832 dubios
207 1795 242 1824 et
263 1792 434 1833 ancipites
458 1802 574 1824 rerum
596 1802 697 1824 casus

56 1838 201 1875 indicat,
215 1838 320 1868 sicuti
334 1842 480 1879 apparet
503 1838 699 1870 luculenter

60 1892 105 1915 ex
129 1883 266 1921 verbis,
284 1892 373 1923 quae
397 1884 564 1916 continuo
590 1885 699 1916 subii-

60 1929 210 1960 ciuntur.
259 1926 560 1966 Quemadmodum
585 1935 700 1962 autem

59 1974 308 2016 distinguenda
332 1978 432 2006 sunt:
457 1973 541 2006 κατὰ
572 1986 700 2016 ευπρα-

59 2021 137 2063 γιάε
151 2026 185 2053 et
207 2017 292 2051 κατὰ
315 2018 431 2061 τύχας,
445 2022 495 2054 ita
515 2021 700 2056 formulae.

61 2064 145 2100 κατὰ
169 2062 358 2107 εὐπραγίας
380 2066 542 2099 ἵστασθαι
560 2073 593 2100 et
619 2066 702 2100 κατὰ

64 2111 165 2154 τύχας
189 2109 430 2145 ἀνθίστασθαί
446 2123 510 2145 τισι
538 2111 702 2155 πράξεσιν

63 2160 321 2202 oppositionem
341 2161 532 2192 continent.
560 2161 702 2194 Etenim

63 2206 297 2238 secundum
318 2209 703 2248 rerumprosperi-

64 2256 193 2284 tatem
241 2256 359 2284 stare
407 2253 537 2285 dicitur
579 2255 703 2295 genius

65 2299 245 2340 cuiusque,
267 2299 327 2330 ubi
350 2309 405 2331 res
431 2300 482 2332 ita
504 2305 585 2332 sunt
610 2311 702 2332 com-

66 2342 228 2386 paratae,
280 2349 319 2376 ut
365 2346 483 2378 omnia
535 2357 702 2389 prospere

68 2390 191 2423 cedere
213 2390 399 2424 videantur
425 2402 468 2424 ac
496 2392 597 2425 firma
630 2394 703 2426 sint

70 2439 175 2476 atque
217 2440 309 2477 tuta3
347 2438 411 2470 sed
458 2439 500 2470 in
550 2439 700 2472 dubiis

71 2480 251 2514 casibus
307 2485 586 2539 ancipitique
646 2496 708 2519 re-

27 2569 34 2576 .
70 2537 162 2560 rum
187 2527 445 2563 conditione
469 2533 564 2573 genii
585 2532 707 2565 dicun-

71 2577 129 2604 tur
199 2572 421 2609 obsistere
489 2577 708 2612 hominum

75 2619 286 2651 consiliis
337 2626 379 2653 et
408 2625 709 2665 actionibus,

78 2674 182 2706 quum
220 2674 277 2703 res
311 2658 440 2700 arduae
475 2679 516 2703 ac
545 2671 708 2706 difficiles

79 2704 217 2751 adsunt,
236 2721 380 2754 quarum
404 2713 538 2749 faustus
563 2723 710 2751 eventus

752 581 879 613 dubius
904 583 938 610 et
954 579 1108 612 incertus
1129 586 1198 618 est3
1224 589 1393 621 quorsum

751 627 939 660 manifesto
964 627 1142 667 pertinent
1172 626 1281 659 verba
1306 624 1397 669 πρὸς

753 670 867 715 ὑψηλὰ
892 672 946 703 καὶ
975 669 1116 714 ἀνάντη.
1165 674 1292 715 Itaque
1316 673 1396 705 uni-

754 721 846 753 versi
882 719 952 751 loci
992 721 1166 752 sententia
1201 720 1290 752 haec
1326 724 1396 752 est:

755 767 845 799 sive
872 766 1026 807 genius
1055 768 1272 809 cuiusque
1302 777 1396 798 con-

754 816 889 846 sistat
923 813 1007 853 sic,
1038 818 1083 844 ut
1118 823 1260 846 rerum
1299 822 1398 855 pro-

757 862 950 902 speritas
975 861 1120 901 possit
1147 861 1398 903 expectari3

758 907 920 940 sivein
946 906 1092 939 dubiis
1126 907 1399 940 condicioni-

755 955 852 994 bus,
891 953 1032 984 veluti
1070 954 1116 986 in
1160 954 1294 987 rebus
1333 963 1400 985 ex-

757 1001 894 1033 celsis
925 1004 1056 1041 atque
1087 1001 1253 1042 arduis,
1286 1000 1400 1032 obsi-

758 1050 876 1079 stant
901 1047 1022 1087 genii
1048 1051 1087 1079 et
1118 1048 1401 1080 reluctentur

756 1094 888 1126 rebus
913 1094 1144 1134 gerendis;
1169 1094 1204 1126 h.
1236 1105 1265 1126 e.
1297 1095 1394 1126 etin

752 1149 923 1182 prospera
946 1144 980 1170 et
1002 1140 1040 1171 in
1062 1140 1214 1173 adversa
1237 1141 1394 1174 fortuna.

754 1188 829 1219 Iam
852 1195 939 1217 vero
963 1186 993 1218 si
1024 1188 1163 1228 quaeris
1195 1188 1239 1219 de
1268 1198 1395 1220 caussa

756 1239 791 1265 et
819 1233 958 1265 ratione
988 1232 1171 1274 imaginis,
1206 1235 1394 1276 responsio

754 1280 789 1312 in
821 1284 961 1320 promtu
992 1284 1055 1311 est.
1101 1279 1194 1312 Nam
1219 1278 1238 1312 ό
1265 1280 1395 1322 δαίμων

757 1327 924 1367 cuiusque
955 1326 1147 1366 putabatur
1176 1337 1253 1359 esse
1283 1330 1400 1360 conci·

757 1373 864 1404 liator
896 1372 1059 1404 fortunae
1093 1373 1148 1404 vel
1190 1374 1306 1407 bonae
1344 1375 1402 1407 vel

759 1420 942 1452 adversae.
999 1417 1234 1457 Quamobrem
1273 1419 1403 1454 Graeci

761 1465 862 1507 τύχην
888 1464 943 1496 καὶ
961 1462 1107 1505 δαίμονα
1122 1477 1195 1498 non
1212 1477 1294 1499 raro
1320 1478 1404 1500 con-

759 1514 928 1553 iungunt,
975 1513 1129 1545 numinis
1184 1515 1403 1555 cogitatione

759 1561 796 1591 iu
829 1559 879 1591 rei
912 1559 1043 1600 ipsius,
1070 1560 1126 1591 cui
1161 1566 1317 1601 praeest,
1341 1571 1405 1594 no-

760 1607 890 1638 tionem
921 1610 1172 1646 transmutata3
1197 1607 1240 1639 de
1271 1608 1406 1649 quali·
1446 1603 1450 1608 ’

760 1653 895 1685 bertate
920 1662 1042 1684 eorum
1066 1653 1220 1686 diximus
1245 1655 1290 1686 ad
1306 1653 1407 1696 Sym-

762 1710 838 1742 pos.
863 1709 897 1740 p.
925 1698 1011 1733 196-
1029 1697 1076 1730 D.
1102 1699 1181 1734 197.
1200 1699 1243 1732 Β.
1272 1702 1319 1733 al.
1345 1701 1407 1734 ubi

764 1745 894 1787 ἔρωτος
916 1746 1130 1778 mentionem
1154 1757 1225 1778 non
1249 1757 1332 1780 raro
1356 1749 1408 1780 ita

763 1792 839 1824 fieri
870 1792 1069 1831 docuimus,
1095 1797 1133 1824 ut
1165 1803 1294 1826 nomen
1317 1794 1408 1827 illud

764 1838 868 1870 simul
916 1842 951 1869 et
997 1839 1100 1870 deum
1153 1840 1327 1881 significet
1374 1845 1410 1872 et

765 1885 896 1916 amoris
920 1885 1103 1916 notionem
1129 1886 1314 1926 exprimat.
1352 1886 1409 1918 De

768 1929 897 1969 δαίμων
929 1930 983 1960 καὶ
1018 1928 1097 1972 τύχη
1130 1941 1162 1962 v.
1187 1931 1409 1965 Demostb.

769 1976 847 2008 adv.
865 1973 1003 2016 Olymp.
1034 1986 1067 2017 p.
1093 1976 1194 2011 1173.
1221 1977 1409 2011 ed.Reisk.

768 2021 977 2054 Aeschin.
1003 2023 1083 2054 adv.
1100 2021 1257 2065 Ctesiph.
1277 2025 1410 2066 p.505.

769 2069 826 2102 10.
862 2072 897 2098 et
933 2066 1014 2102 544.
1054 2075 1143 2113 extr.
1184 2070 1411 2104 Plutarch.

774 2115 796 2147 l.
826 2124 860 2155 p.
892 2113 972 2148 353.
1006 2113 1047 2151 F.
1081 2114 1162 2150 366.
1188 2116 1228 2150 B.
1255 2117 1336 2152 433.
1363 2119 1409 2150 A.

768 2161 848 2195 855.
874 2160 920 2193 D.
947 2161 987 2194 ll.
1012 2172 1046 2203 p.
1072 2162 1150 2197 117.
1178 2165 1224 2196 A.
1248 2165 1293 2197 al.
1334 2165 1412 2197 Iam

771 2218 854 2240 vero
886 2208 1052 2249 quoniam
1085 2219 1174 2242 unus
1207 2211 1322 2243 bonus
1351 2221 1412 2252 ge-

771 2255 850 2286 nius
876 2255 1000 2296 cuique
1030 2265 1222 2298 prosperae
1246 2258 1412 2290 fortunae

771 2305 893 2332 auctor
917 2300 1122 2335 habebatur.
1145 2304 1272 2337 dubiae
1294 2309 1413 2337 autem

771 2351 806 2379 et
829 2347 999 2380 adversae
1024 2347 1187 2382 fortunae
1212 2352 1316 2383 etiam
1335 2351 1412 2392 plu-

770 2403 826 2425 res
866 2394 960 2434 genii
1003 2399 1165 2428 auctores
1196 2407 1273 2430 esse
1306 2406 1412 2438 posse

770 2440 996 2481 videbantur,
1022 2451 1095 2474 non
1125 2444 1202 2475 sine
1226 2453 1352 2476 caussa
1375 2444 1412 2474 in

773 2487 892 2528 priore
937 2488 1091 2520 membro
1139 2490 1311 2522 enuntiati
1350 2488 1414 2520 τοῦ

775 2531 940 2572 δαίμονος
970 2531 1116 2566 ἑκάστου
1146 2537 1181 2568 in
1215 2536 1413 2578 posteriore

775 2584 890 2611 autem
921 2590 1067 2613 numero
1105 2582 1253 2623 plurali,
1285 2582 1417 2614 omisso

776 2627 880 2658 etiam
905 2627 1066 2668 articulo,
1093 2626 1266 2667 δαιμόνων
1285 2628 1417 2661 mentio

776 2673 945 2704 iniicitur.
1005 2673 1061 2706 Dc
1102 2675 1262 2717 pluribus
1302 2675 1418 2717 geniis

777 2719 910 2751 homini
936 2719 1088 2753 inimicis
1121 2721 1211 2753 conf.
1242 2721 1418 2754 Pon-on.
