1644 2886
195 416 231 454 l)

274 89 327 128 32
751 88 1123 133 PLATONIS

276 203 406 257 τύχας
440 202 536 245 οἷον
574 203 682 256 προς
718 202 870 259 ὑψηλά
908 209 977 246 καὶ
1013 206 1186 256 ἀνάντη
1220 206 1437 261 δαιμόνων
1464 207 1609 250 άνθι·Δ

273 271 493 322 σταμένων
531 275 612 311 τισι
639 269 864 322 πράξεσιν,
889 272 1070 323 ἐλπίζειν
1105 271 1144 313 δ’
1185 270 1253 314 ἀεὶ
1289 280 1380 322 τοῖς
1413 290 1458 324 γε
1492 273 1603 325 ἀγα.-

276 337 400 376 θοῖσι
438 333 514 374 τὸν
552 332 664 377 θεὸν
695 333 723 377 ἂ
761 337 970 391 δωρεῖται,
993 335 1138 379 πόνων
1171 340 1250 390 μὲν
1284 336 1602 381 ἐπιπιπτόντων

273 397 372 441 άντὶ
406 399 613 454 μειζόνων
652 399 860 452 ἐλάττους
895 401 1089 454 ποιήσειν
1124 404 1211 444 τῶν
1246 403 1281 444 τ’
1323 397 1378 445 αὖ
1415 406 1493 454 νῦν
1517 422 1600 446 πα-
1641 415 1644 435 ῑ

273 464 440 518 ρόντων
477 468 543 508 ἐπὶ
577 464 627 509 τὸ
663 468 832 520 βέλτιον
866 467 1124 523 μεταβολάς,
1146 471 1240 524 περὶ
1285 472 1328 512 δὲ
1361 469 1412 511 τὰ
1439 469 1598 522 ἀγαθά
1637 517 1644 524 ,⁴

271 530 324 572 τά
361 534 537 574 ἐναντία
575 531 743 575 τούτων
779 533 849 577 ἀεὶ·
881 534 1013 576 πάντ’
1041 533 1192 584 αὐτοῖς
1213 534 1601 590 παραγενήσεσθαι
1631 548 1644 570 --“

268 596 365 649 μετ’
407 596 593 650 ἀγαθῆς
627 598 771 654 τύχης.
809 600 987 650 ταύταις
1008 599 1059 653 δὴ
1091 609 1185 650 ταῖς
1221 604 1384 643 ἐλπίσιν
1418 605 1600 651 ἕκαστον

266 662 348 718 χρὴ
385 665 464 715 ζῆν
498 668 568 707 καὶ
604 674 699 715 ταῖς
733 664 1000 721 ὑπομνήσεσι
1034 665 1212 709 πάντων
1257 669 1344 709 τῶν
1380 666 1599 716 τοιούτων,

266 731 400 781 μηδὲν
446 729 729 787 φειδόμενον,
777 731 874 774 ἀλλ’
928 732 996 775 ἀεὶ
1040 734 1151 775 κατά
1212 749 1254 774 τε
1303 730 1481 783 παιδιάς
1527 736 1599 777 καὶ

268 793 462 846 σπουδάς
493 795 880 852 ἀναμιμνήσκοντα
903 798 1049 854 ἕτερόν
1079 815 1123 841 τε
1156 802 1226 840 καὶ
1254 797 1413 842 ἑαυτὸν
1433 802 1596 856 σαφῶς.

368 858 477 922 Cap.
513 860 570 904 V.
641 865 738 906 Νῦν
773 858 852 907 οὖν
881 863 933 916 δὴ
981 867 1074 919 περὶ
1117 867 1194 920 μὲν
1238 864 1598 920 ἐπιτηδευμάτων,

270 925 342 971 οἷα
375 927 457 983 χρὴ
491 928 781 981 επιτηὸεύεινῖ
810 933 881 973 καὶ
919 933 1014 985 περὶ
1056 931 1196 988 ,αὐτοῦ
1232 929 1436 977 ἑκάστου,
1469 931 1597 974 ποῖόν

270 1010 367 1036 τινα
402 992 540 1050 χρεών
578 995 698 1046 εἶναι,
721 998 908 1040 λέλεκται
945 995 1097 1052 σχεδὸν
1129 995 1210 1039 ὅσα
1248 995 1355 1039 θεῖά
1392 1003 1502 1039 ἐστι·

1542 997 1594 1039 τά

1621 1059 1641 1109 21

359 1127 449 1154 τοῖς
479 1134 524 1165 γε
560 1125 795 1169 ἀγαθοῖσι]
822 1124 881 1157 Sic
907 1126 948 1156 A.
977 1125 1016 1157 B.
1041 1125 1065 1156 f.
1090 1126 1123 1159 h.
1148 1136 1179 1157 a.
1206 1136 1239 1157 o.
1264 1135 1296 1156 x.
1322 1129 1356 1156 et
1379 1135 1482 1167 supra
1507 1134 1596 1157 vers.
1633 1146 1636 1150 ι

275 1166 313 1202 Ω,
341 1169 428 1200 v.ett
454 1170 550 1202 editt.
576 1175 646 1202 τοῖς
670 1183 707 1213 γε
732 1169 890 1214 ἀγαθοῖς.

359 1213 403 1244 D.
454 1212 576 1248 πάντ’
599 1214 751 1249 αυτοιε
775 1216 948 1258 παραγ]
981 1212 1084 1247 πάντ’
1108 1211 1224 1246 av'toas·
1250 1217 1292 1246 A.
1318 1215 1358 1246 B.
1389 1212 1434 1250 Ω

268 1324 381 1366 Satyr.
399 1336 428 1356 c.
443 1326 501 1360 62.
517 1331 604 1358 extr.
623 1328 663 1359 si
689 1328 899 1367 mentior,

267 1371 420 1410 genios
453 1376 622 1404 vestros
651 1373 795 1405 iratos
828 1373 898 1404 ha·

266 1415 395 1447 beam.
450 1416 499 1448 ld.
539 1428 567 1449 c.
604 1418 664 1452 37:
696 1419 898 1459 ignoscet

265 1461 369 1492 mihi
413 1463 566 1503 genius
608 1468 719 1496 tuus.
782 1466 898 1505 Atque

266 1506 319 1537 his
353 1508 403 1539 ita
432 1509 599 1549 expositis
630 1519 798 1550 apparere
821 1510 896 1540 exi-

266 1553 456 1592 stimamus,
479 1554 593 1585 locum
617 1557 756 1586 omnino
774 1565 895 1587 sanum

265 1607 340 1629 esse
365 1602 467 1639 atque
491 1600 673 1639 integrum.
722 1599 893 1638 Quocirca

265 1652 335 1674 uon
369 1644 562 1676 audiendus
593 1650 645 1677 est
676 1644 891 1684 Orellius‚

265 1688 324 1729 qui
348 1698 411 1730 pro
438 1690 501 1721 τισὶ
526 1688 688 1731 πράξεσιν
701 1690 771 1732 legi
797 1691 893 1722 iubet

264 1736 350 1764 ταῖσι
389 1734 561 1776 πράξεσιν.
620 1736 734 1767 Multo
777 1736 890 1767 minus

262 1788 345 1811 vero
357 1781 538 1821 probanda
558 1785 638 1813 sunt
653 1791 741 1822 quae
755 1782 892 1822 scripsit

263 1823 456 1864 Zellerus
481 1825 579 1858 stud.
597 1827 756 1859 Platonn.
781 1837 814 1867 p.
831 1826 889 1860 96.

263 1869 558 1909 „DieWorte:
585 1868 660 1903 οἷον
681 1869 767 1913 πρὸς
780 1868 888 1912 ὑψηλὰ

261 1931 306 1939 —
330 1914 511 1957 πράξεσιν,
535 1918 742 1949 scheinen
768 1915 889 1949 Glos-

263 1969 346 1992 sem
380 1972 428 1993 zu
474 1964 588 2002 sein,
631 1963 782 1995 indem
828 1963 890 1994 sie

261 2001 386 2038 nicht
439 2018 517 2039 nur
564 2009 634 2040 die
680 2008 889 2040 Constru-

263 2052 386 2084 ction
412 2053 673 2095 schleppend
695 2054 888 2093 macheu,

262 2098 451 2130 sondern
498 2099 607 2131 auch
653 2101 735 2131 den
783 2098 888 2131 Sinn

261 2142 334 2174 des
387 2143 515 2175 ihnen
561 2144 889 2185 Vorhergehen-

261 2187 340 2219 den
381 2189 606 2244 uprichtig
651 2190 888 2222 auffassen.

261 2230 355 2264 Κατὰ
379 2230 566 2276 εὐπραγίας
590 2236 643 2266 καὶ
674 2232 774 2276 τύχας
798 2235 887 2266 ῗστα-

261 2277 344 2314 σθαι
373 2278 512 2311 heisst
544 2281 650 2312 nach
693 2281 784 2312 dem
814 2281 888 2312 Zu-

259 2325 712 2366 sammenhange2sich
726 2325 799 2358 auf
819 2326 888 2357 die

259 2369 382 2402 Seite
404 2370 477 2402 des
502 2369 665 2404 Gliicks
692 2370 887 2403 oderUn-

258 2414 412 2456 gliicks
445 2416 627 2457 neigen3
657 2417 751 2449 hier
788 2416 890 2448 aber

258 2460 366 2493 wird
404 2471 448 2493 es
487 2461 621 2493 durch
658 2458 890 2496 ἀνθίστασθαι

259 2504 546 2546 erklirt‚was
571 2506 731 2540 keinen
757 2510 889 2548 guten

258 2550 366 2583 Sinn
408 2552 536 2593 giebt.
597 2551 694 2590 Quae
731 2552 889 2584 refellere

257 2606 328 2629 non
340 2597 475 2638 ettinet.
499 2596 574 2630 Nec
591 2607 673 2630 vero
690 2600 758 2631 iam
771 2607 888 2630 neces-

257 2643 387 2674 sarium
396 2647 569 2684 putamus,
578 2647 617 2676 ut
629 2644 774 2677 aliorum
783 2645 888 2676 inter-

1455 1215 1550 1248 Ξ.ν.
1575 1215 1596 1246 f.

964 1331 1097 1368 pretam
1137 1335 1270 1357 errores
1308 1326 1594 1379 perstringantur.

1009 1371 1200 1412 ἐλπίζειν
1239 1367 1274 1401 δ’
1313 1366 1373 1402 ἇει
1420 1374 1510 1402 τοῖς,
1554 1382 1595 1411 γε

966 1414 1153 1459 ἀγαθοῖς
1178 1415 1240 1457 —-]
1271 1415 1495 1457 Hyperbaton
1520 1426 1596 1447 cum

965 1464 1096 1495 Astio
1126 1462 1176 1494 sic
1208 1462 1475 1502 expediendum.
1507 1459 1594 1492 ἑλπί-

963 1509 1031 1549 ζειν
1061 1506 1097 1539 δὲ
1129 1506 1235 1547 (χρη),
1260 1504 1319 1538 τὸν
1348 1505 1454 1544 θεόν,
1479 1504 1596 1538 πόνων

962 1552 1023 1592 μὲν
1052 1549 1300 1584 ἐπιπιπτόντων
1337 1555 1406 1584 τοῖς
1442 1562 1499 1593 γε
1513 1548 1593 1593 ἀγα·
1604 1578 1614 1588 .

958 1599 1062 1636 θυῖε,
1093 1596 1113 1629 ἂ
1149 1596 1318 1639 δωρεῖται,
1350 1594 1405 1628 dez
1441 1597 1595 1637 ποιήσειν

958 1640 1115 1698 (αὐτούς)
1142 1640 1298 1673 ἐλάττους
1322 1638 1393 1672 ἀντὶ
1417 1639 1532 1682 μειζοπ
1535 1653 1592 1676 ων

959 1690 1025 1720 ταῖν
1050 1685 1083 1720 τ’
1108 1682 1152 1718 αὖ
1168 1687 1231 1718 νῦν
1248 1685 1427 1728 παρόντων
1441 1684 1591 1727 (πόνων)

957 1730 1143 1775 μεταβολὰς
1159 1729 1284 1773 (αυτὸν
1305 1729 1472 1786 ποιήσειν)
1483 1730 1536 1763 ἐπὶ
1553 1730 1590 1764 τὸ

957 1779 1100 1820 βέλτιον,
1125 1778 1200 1819 περὶ
1225 1776 1260 1809 δὲ
1285 1775 1323 1808 τὰ
1346 1774 1463 1818 ἀγαθὰ
1482 1776 1590 1831 (quod

958 1826 1003 1857 ad
1033 1835 1087 1857 res
1118 1824 1287 1855 secundas
1320 1823 1461 1862 attinet)
1491 1817 1588 1854 πάντ’

959 1867 1008 1902 ἀει
1033 1889 1076 1893 —-
1096 1866 1406 1922 παραγενήσεσθαι.
1429 1867 1591 1900 Feliciter

958 1916 1231 1948 Cornar1us:
1257 1922 1468 1954 „sperare
1492 1923 1591 1945 sem—

956 1971 1030 2002 per
1072 1963 1266 2001 oportet,
1307 1959 1399 1990 dum
1443 1958 1591 1996 bonis,

957 2015 1064 2048 quae
1103 2006 1206 2037 deus
1251 2003 1496 2045 largiatur,
1534 2003 1590 2035 la-
1642 2006 1644 2044 ἶ

955 2052 1082 2083 bores
1106 2050 1321 2088 incidunt,
1343 2049 1439 2081 fore
1457 2048 1591 2079 utille
1641 2057 1644 2080 ἑ

955 2107 1040 2138 pro
1076 2095 1361 2137 gravioribus
1392 2094 1590 2139 lev-iores
1621 2097 1624 2104 “

955 2143 1139 2174 inducat
1173 2144 1214 2172 et
1243 2149 1351 2171 nunc
1386 2148 1589 2180 praesen-

954 2193 1018 2220 tes
1063 2188 1103 2219 iu
1148 2185 1299 2218 melius
1352 2188 1588 2226 permutet3

954 2235 1068 2266 circa
1097 2232 1207 2263 bona
1241 2239 1343 2262 vero
1381 2230 1447 2261 his
1489 2238 1589 2261 con·

954 2278 1109 2316 traria,
1148 2276 1244 2308 fore

955 2323 1098 2356 omnia
1121 2330 1285 2362 semper
1308 2321 1421 2361 ipsis
1438 2319 1589 2351 adsint

956 2378 1044 2401 cum
1075 2367 1186 2399 bona
1218 2366 1415 2398 fortuna:
1451 2364 1588 2404 igitur

955 2413 1251 2445 infortunium
1275 2412 1315 2443 in
1331 2411 1486 2442 melius
1506 2420 1585 2441 mu-

954 2462 1092 2490 tatum
1121 2456 1260 2497 iri,'et
1293 2456 1470 2487 felicem
1501 2455 1586 2487 for-

954 2509 1100 2536 tunam
1131 2511 1382 2544 prosperum
1411 2499 1585 2532 habitu-

955 2559 1046 2581 rum
1070 2558 1163 2581 esse
1188 2555 1445 2579 successum.

998 2594 1043 2626 D.
1094 2590 1271 2626 ταύταις
1312 2589 1361 2633 δή
1397 2593 1488 2622 ταῖς
1529 2589 1584 2620 ἕλ-

956 2638 1154 2680 πισιν-]
1178 2638 1333 2670 Astius
1358 2639 1437 2669 ante
1453 2632 1586 2667 ταύταις
1642 2655 1644 2658 -

1282 2275 1504 2314 nimirum,
1545 2279 1589 2318 in:
1630 2301 1631 2304 ,
