1644 2886
257 80 321 137 88
739 57 1124 127 PLA'Toms

267 198 428 248 πάντα,
443 197 577 240 »ὁπόσ’
620 196 678 239 ἂν
714 197 840 250 σκεύη
861 201 1064 248 κτῶνται,
1087 201 1222 254 μηδὲν
1244 196 1434 256 ἄμετρον
1451 201 1600 244 αὐτῶν

159 267 237 308 747
270 265 349 306 ἐᾶν
395 261 525 309 εἶναι,
559 266 630 304 καὶ
678 264 810 338 κοινῷ
855 264 970 317 λόγῳ
1016 267 1260 319 νομίσαντα
1305 265 1415 320 πρὸς
1449 266 1599 309 πάντα

267 328 377 371 εἶναι
423 331 660 381 χρησίμους
715 327 795 376 τὰς
852 331 940 372 τῶν
995 328 1207 384 ἀριθμῶν
1259 330 1473 386 διανομὰς
1528 336 1599 374 καὶ

264 395 516 441 ποικίλσεις,
551 390 632 435 ὅσα
669 408 713 435 τε
747 393 874 436 αὐτοι
909 401 954 436 ἐν
991 399 1162 445 ἑαυτοῖς
1189 398 1491 438 ποικίλλονται
1523 401 1599 439 και

264 455 348 500 ὅσα
387 461 432 498 ἐν
466 457 620 511 μήκεσι
655 475 724 500 και
763 463 807 500 ὲν
843 459 1010 513 βάθεσι
1046 453 1323 515 ποικίλματα,
1348 464 1417 503 καὶ
1440 460 1491 512 δὴ
1529 466 1599 504 καὶ

264 527 308 564 ἐν
341 523 498 580 φθόγ]
502 540 566 572 οις
601 541 673 566 και
707 540 897 575 κινησεσι
930 533 1024 574 ταῖς
1062 543 1101 568 τε
1136 543 1246 568 κατα
1284 525 1365 578 τὴν
1399 526 1515 569 nh‘wn
1509 544 1596 569 πο-

263 592 364 643 ρίαν
399 591 477 639 τῆς
511 587 603 631 ἅνω
641 591 714 631 καὶ
751 591 868 632 κάτω
905 593 1052 648 φορᾶς
1087 594 1158 633 καὶ
1195 594 1271 643 τῆς
1306 591 1445 645 κύκλῳ
1482 609 1599 648 περι-

262 655 433 712 φορᾶς·
466 653 576 710 πρὸς
610 653 696 709 γάρ
734 658 875 697 ταῦτα
912 657 1058 698 πάντα
1097 660 1159 699 δεῖ
1192 659 1423 714 βλέψαντα
1452 657 1528 700 τόν
1553 676 1599 712 γε

261 722 515 774 νομοθέτην
566 719 850 774 amoeniam
895 730 987 771 τοῖς
1021 725 1221 773 πολίταις
1264 725 1398 765 πᾶσιν
1432 728 1490 772 εἰς
1526 723 1598 766 δυ’-

261 800 393 839 ναμιν
430 783 597 828 τούτων
631 785 691 840 μη
726 785 1051 830 ἀπολείπεσθαι
1090 790 1167 840 τῆς
1200 786 1451 839 συντάξεως.
1490 789 1599 843 πρός

189 851 227 892 Β
265 866 309 892 τε
345 849 439 909 γάρ
468 855 724 906 οἰκονομίαν
758 855 828 894 καὶ
866 851 976 906 πρὸς
1011 857 1232 896 πολιτείαν
1270 855 1342 895 καὶ
1377 852 1487 908 πρὸς
1521 853 1600 904 τὰς

264 919 416 970 τέχνας
454 915 599 965 πάσας
642 919 687 958 ἓν
730 918 858 960 οὐδὲν
902 917 1014 960 οὕτω
1060 919 1248 973 δύναμιν
1286 923 1364 973 ἔχει
1401 922 1598 962 παίδειον

261 981 457 1036 μάθημα
493 983 699 1036 μεγάλην,
727 981 784 1032 ὡς
817 982 842 1034 ἡ
880 987 973 1037 περὶ
1002 982 1103 1034 τοὺς
1125 985 1596 1040 ἀριθμούςὸιατρὶβή·

386 1109 495 1165 .747.
542 1110 584 1142 B.
634 1109 678 1141 ἓν
709 1100 838 1142 ουδὲπ
870 1109 1004 1153 ουτω]
1037 1112 1096 1144 Sic
1124 1113 1204 1143 libri
1237 1122 1354 1144 omnes
1379 1121 1454 1143 cum
1481 1114 1596 1150 editt,;

262 1110 393 1186 ηιιΠοῙε
411 1155 447 1186 ἓν
478 1150 555 1186 ουδ’
588 1154 639 1192 ἕν,
673 1165 763 1197 quae
794 1158 968 1199 scriptura
999 1157 1189 1201 Schaefero
1223 1162 1256 1188 et
1289 1157 1462 1188 Fritsehio
1495 1160 1596 1189 unice

260 1201 400 1241 placuit.
448 1200 540 1233 Dein
566 1201 664 1232 Mon.
691 1200 753 1240 ἔχει
780 1200 915 1236 παῖ’διοι
939 1202 1022 1242 μαθ·
1184 1213 1185 1217 ’

303 1308 433 1341 πάντα
459 1309 585 1343 ὁπόσ’
601 1310 650 1344 ἃν
673 1296 803 1353 σκεύη
823 1323 893 1351 κτ.,

257 1354 388 1395 μηδὲν
414 1353 616 1399 ἄμετρον]
643 1358 892 1389 Anacoluthon

258 1401 447 1440 singulare.
496 1402 586 1434 Nam
607 1408 688 1444 post
702 1401 809 1434 πάντα
833 1408 893 1433 aut

258 1445 420 1486 subiungi
441 1446 605 1479 debebat:
633 1445 802 1488 σύμμετρα
817 1459 891 1478 ποι-

257 1493 306 1520 εῖν
330 1492 385 1521 vel
412 1491 506 1534 ἔχειν,
531 1497 592 1524 aut
615 1495 720 1525 scribi
747 1491 891 1530 πάντων,

258 1536 389 1567 omisso
404 1536 437 1567 in
456 1539 623 1577 proximis
640 1538 763 1569 αὐτῶν.
790 1538 892 1569 Nunc

256 1590 359 1619 vero,
371 1581 446 1611 .illo
473 1581 580 1614 πάντα
611 1585 790 1624 neglecto,
820 1593 893 1614 mu-

253 1629 347 1656 tatur
376 1631 518 1665 repente
557 1628 669 1660 forma
707 1629 892 1665 orationis,

253 1673 358 1710 atque
388 1668 491 1711 μηδὲν
533 1670 678 1714 ἄμετρον
718 1671 779 1704 ἐᾶν
806 1668 892 1704 εἶναι

252 1714 402 1746 infertur
426 1716 546 1749 addito
584 1718 740 1758 genitivo
769 1711 890 1748 αυτών.

300 1760 367 1790 καὶ
394 1761 523 1802 κοινῷ
547 1760 654 1804 λόγῳ
689 1764 890 1801 νομί-σαν

255 1804 319 1845 τα]
345 1805 462 1836 Etiam
481 1795 548 1837 h¹oc
564 1808 749 1846 νομίσαντα
763 1808 890 1860 pendet

255 1859 296 1880 ex
334 1852 552 1882 antecedenti
591 1852 764 1893 φοβητέα,
798 1854 820 1883 i.
858 1862 887 1883 e.

255 1893 446 1934 φοβεῖσθαι
472 1894 531 1932 δεῖ,
548 1898 582 1928 in
609 1906 678 1938 qua
705 1898 888 1929 verborum

253 1941 388 1970 ratione
420 1950 540 1973 rursus
578 1944 731 1974 cernitur
762 1953 887 1974 anaco-

252 1984 386 2015 luthon.
453 1986 542 2017 Nam
590 1987 667 2028 ipsa
716 1988 888 2019 sententia

252 2030 454 2070 postulabat
491 2032 627 2071 utique,
660 2036 698 2063 ut
735 2033 825 2064 hune
850 2033 886 2064 in

251 2075 391 2106 modum
439 2081 660 2116 pergeretur.
711 2077 764 2108 καὶ
814 2074 885 2119 (ἂν)

251 2119 356 2149 κοινιῖ
381 2117 471 2162 λόγῳ
497 2123 618 2161 νομισῃ
643 2133 670 2151 κ.
697 2133 723 2152 τ.
748 2123 775 2153 λ.

298 2164 335 2194 P·
362 2163 437 2198 747
487 2163 558 2196 τὰς
583 2177 661 2196 των
684 2162 886 2206 α’ριθμοῦν

251 2205 457 2246 διανομὰς
506 2209 572 2241 καὶ
612 2212 882 2251 ποικίλσειεἸ

250 2254 389 2284 utiles
422 2263 522 2286 esse
553 2256 606 2287 ad
637 2258 780 2288 omnia
813 2266 882 2287 nu-

251 2308 466 2332 merorum
531 2300 884 2332 distributiones

251 2343 883 2387 aevarietates‚quibusquum

249 2388 335 2428 ipsi
371 2389 485 2419 iuter
525 2399 569 2420 se
609 2392 727 2422 varii
765 2396 882 2430 sunt,

251 2437 336 2463 tum
365 2435 406 2464 in
441 2434 798 2474 longitudinibus
835 2446 882 2467 ao

246 2479 633 2517 profunditatibus
685 2481 756 2521 (De
796 2480 880 2521 Rep-

248 2521 318 2553 Vll.
342 2533 375 2564 p.
400 2522 478 2557 523.
505 2524 537 2554 A
564 2534 638 2565 sqq.
666 2525 775 2566 Legg.
798 2525 878 2556 VII.

246 2567 322 2600 819.
355 2567 411 2609 C.)
452 2572 491 2599 et
527 2578 627 2600 vero
666 2571 798 2602 etiam
837 2571 877 2601 in

247 2613 366 2644 sonis
409 2618 449 2643 et
484 2614 679 2645 motibus.
742 2614 877 2655 Quippe

962 1312 1046 1343 haee
1070 1313 1187 1343 omnia
1217 1313 1379 1352 quoniam
1410 1313 1455 1344 ad
1478 1323 1595 1345 nume-

960 1367 1077 1388 rorum
1092 1357 1244 1388 rationes
1264 1358 1420 1388 revocari
1435 1363 1594 1398 possunt,

959 1403 1092 1433 numeri
1123 1403 1158 1433 in
1188 1402 1232 1433 iis
1265 1406 1429 1442 tanquam
1466 1404 1593 1434 ποικίλ-

959 1447 1083 1478 λονται.
1110 1448 1195 1478 Voc.
1215 1447 1398 1478 ποικίλσεις
1420 1447 1500 1479 hine
1525 1458 1594 1479 me-

959 1496 1072 1524 morat
1099 1491 1261 1523 Pollux
1289 1491 1413 1523 Onom.
1433 1492 1511 1523 VII.
1536 1492 1591 1526 34.

958 1547 990 1578 p.
1023 1537 1100 1571 710.
1133 1541 1171 1567 ut
1200 1538 1268 1568 iam
1294 1538 1450 1568 Astius
1485 1548 1593 1570 anno-

959 1583 1057 1613 tavit.
1103 1581 1223 1613 Motus
1250 1582 1343 1622 q'uod
1368 1583 1495 1622 duplex
1521 1584 1592 1615 dis-

959 1628 1131 1665 cernitur,
1161 1631 1274 1658 rectus
1306 1632 1340 1659 et
1375 1628 1592 1666 orbicularis,

959 1673 1001 1703 de
1026 1681 1067 1703 eo
1093 1682 1124 1702 v.
1152 1672 1297 1703 OEheaet.
1323 1682 1355 1712 p.
1379 1671 1456 1705 181.
1483 1673 1521 1704 C.
1545 1673 1590 1704 D.

1003 1716 1063 1747 εἰς
1107 1713 1288 1755 δύναμιν
1337 1714 1497 1748 τούτων
1540 1715 1590 1758 μὴ

957 1755 1275 1792 ἀπολείπεσθαι
1322 1762 1399 1802 τῆς
1444 1761 1589 1794 συντά-

958 1805 1084 1846 genus]
1130 1806 1225 1838 Bene
1266 1806 1464 1838 Ficinus·
1503 1818 1590 1846 „ne

956 1852 1004 1882 ab
1036 1852 1286 1883 huiusmodi
1318 1862 1589 1884 numerorum

956 1897 1127 1934 ordine,
1191 1897 1327 1937 quoad
1385 1903 1590 1938 possunt,

955 1941 1174 1973 recedant.
1187 1944 1207 1959 “

1000 1983 1105 2027 πρός
1138 1997 1177 2017 τε
1207 1984 1280 2027 γὰρ
1320 1985 1589 2025 σι”κονομιαν

955 2035 1020 2066 ——l
1054 2031 1108 2062 De
1138 2032 1287 2062 utilitate
1326 2031 1588 2064 mathematicae

953 2076 1157 2116 disciplinae
1197 2077 1231 2107 in
1271 2076 1361 2107 vitae
1396 2078 1588 2108 eommunis

953 2121 1102 2161 negotiis
1143 2122 1334 2160 mentisque
1366 2121 1497 2152 viribus
1529 2132 1586 2153 ex-

953 2166 1108 2197 colendis
1139 2165 1231 2197 conf.
1263 2165 1356 2197 iufra
1387 2166 1485 2198 Libr.
1515 2166 1584 2197 Vll.

952 2221 985 2252 p.
1018 2210 1096 2245 819.
1130 2211 1162 2241 Α
1194 2221 1271 2251 sqq.
1303 2211 1356 2242 De
1387 2210 1471 2252 Rep.
1505 2211 1586 2242 V11.

952 2266 986 2296 p.
1011 2256 1088 2289 522.
1114 2254 1141 2286 C
1166 2265 1242 2296 sqq.
1278 2255 1358 2289 525.
1388 2255 1416 2286 C
1441 2266 1515 2297 sqq.
1546 2274 1582 2279 -—

951 2300 994 2331 ἓν
1037 2297 1171 2335 οὐδέν
1201 2301 1341 2340 gravius
1384 2305 1437 2332 est
1483 2311 1584 2341 quam

950 2346 1098 2386 simplex
1123 2342 1236 2378 οὐδέν.
1273 2344 1442 2377 Similiter
1465 2345 1585 2378 Latini

950 2391 1069 2434 dicunt
1104 2391 1213 2421 nihil
1255 2400 1396 2428 unum,
1434 2392 1583 2422 nullus
1615 2406 1619 2409 ¹

949 2445 1070 2473 unus,
1113 2445 1234 2466 nemo
1272 2446 1394 2466 uuus.
1454 2436 1582 2468 Plato

947 2479 1044 2520 Reip.
1074 2480 1127 2512 Vl.
1154 2490 1186 2520 p.
1211 2479 1291 2514 488.
1319 2482 1370 2510 A:
1396 2477 1475 2511 οἴετ’
1501 2476 1580 2511 οὐδ’

946 2523 1036 2556 ἔστιν
1080 2523 1115 2554 ἓν
1163 2520 1265 2557 οὐδὲν
1301 2522 1379 2555 ἄλλο
1419 2527 1578 2562 τοιοῦτον

947 2567 1135 2600 πεπονθότι·Δ
1197 2571 1407 2602 Herodot.
1452 2570 1473 2601 Ι.
1510 2571 1572 2603 32ε

945 2611 992 2645 ὥς
1027 2612 1063 2645 δὲ
1102 2615 1154 2644 καὶ
1190 2612 1380 2655 ἀνθρώπου
1418 2615 1510 2653 σῶμα
1539 2614 1574 2645 ἓν
