1644 2886
531 105 703 148 hlssffl
737 104 991 147 oC‘rAvl.
1350 105 1427 146 401

67 221 245 263 militari
275 220 438 263 virtute
477 220 674 276 insignes
706 218 948 272 extiterint,
989 231 1171 260 exosum
1209 218 1319 275 ipsis
1350 217 1430 258 im·

68 279 178 335 perii
207 277 356 334 iugum
388 277 626 331 aliquando
657 276 903 318 cervicibus
934 274 1026 318 suis
1057 274 1303 326 excutiant3
1343 288 1432 329 quo

67 335 281 389 efficitur,
329 340 380 376 ut
420 334 519 376 illos
561 333 615 376 ab
655 348 873 376 armorum
923 346 1006 374 usu
1058 332 1235 374 omnino
1282 345 1432 373 arcere

66 398 293 435 conentur.
362 390 459 434 Nos
498 390 658 447 igitur,
703 405 838 444 quum
875 389 994 431 cives
1027 389 1169 431 nostri
1197 403 1280 431 neo
1310 388 1431 430 avari

65 449 154 491 sint
182 462 266 491 neo
295 448 487 490 habeant
516 447 616 489 talis
646 447 866 489 libertatis
894 460 1000 488 suae
1030 446 1248 500 inimicos,
1279 459 1431 488 omnes

63 507 110 548 in
138 519 226 548 usu
263 519 483 548 armorum
512 519 819 557 exerceamus,
866 510 1000 558 atque
1050 504 1196 545 omnia
1234 502 1430 558 corporis

64 562 295 616 exercitia,
327 576 530 616 cursum,
574 576 768 618 pugnam
809 567 1043 614 armatam,
1087 560 1345 617 sagittarum
1387 566 1432 602 et

63 619 305 662 iaculorum
339 634 481 674 usum,
511 626 647 660 artem
679 624 951 672 equestrem,
985 617 1041 658 ad
1071 616 1326 675 fingendam
1358 631 1429 658 ro-

63 675 390 731 borandamque
430 691 580 719 eorum
619 674 923 717 tortitudinem
954 673 1266 728 adhibeamus,
1298 673 1429 716 etiam

61 740 156 776 arte
190 733 362 833 &musica
402 734 486 776 rite
535 732 592 774 ad
631 745 779 789 partes
815 737 986 774 vocata.
1048 732 1118 788 (p.
1149 733 1258 775 831.
1289 731 1342 773 B.
1374 754 1428 761 —

63 793 165 835 8355
231 825 241 834 .
300 815 356 822 -

174 791 271 890 His)
301 853 447 890 autem
477 846 539 888 ita
570 846 811 902 institutis,
843 847 1034 889 animum
1066 844 1186 887 subit
1214 844 1428 902 cogitatio

59 905 122 947 rei
176 903 411 947 admodum
458 904 605 960 gravis
655 919 707 946 ac
762 904 1053 960 periculosae.
1129 901 1264 956 Quod
1313 901 1428 944 enim

60 961 265 1016 diximus,
296 961 425 1004 ludos
454 961 553 1003 illos
581 961 782 1018 publicos
800 960 1156 1003 adolescentibus
1177 965 1222 1001 et
1251 958 1426 1015 puellis,

60 1019 252 1074 itemque
296 1019 399 1061 viris
443 1033 495 1060 ao
535 1018 814 1073 mulieribus,
870 1024 1082 1073 quantum
1120 1016 1217 1058 fieri
1269 1016 1427 1072 possit,

60 1090 314 1118 communes
346 1089 443 1117 esse
473 1081 691 1131 oportere,
722 1075 965 1130 periculum
985 1089 1089 1117 sane
1111 1073 1286 1116 videtur
1315 1087 1425 1128 esse,

61 1147 115 1174 ne
155 1147 207 1175 ea
246 1148 293 1175 re
332 1131 564 1174 adiuvetur
602 1147 770 1174 morum
796 1133 1021 1187 corruptio
1054 1131 1284 1186 alaturque
1314 1130 1426 1172 lubi-

61 1189 177 1231 dinis
222 1205 273 1232 ac
314 1189 523 1231 lasciviae
551 1188 805 1245 turpitudo,
846 1189 1102 1246 praesertim
1142 1203 1275 1244 quum
1306 1187 1427 1230 cives

61 1247 200 1289 nostri
245 1261 271 1288 a
310 1246 560 1289 durioribus
590 1246 838 1300 laboribus,
890 1246 964 1301 qui
1005 1246 1094 1288 vim
1132 1243 1425 1300 cupiditatum

59 1303 326 1360 infringant,
372 1303 498 1345 liberi
537 1303 626 1345 sint
661 1310 706 1345 et
735 1304 975 1357 immunes,
1018 1303 1066 1345 in
1098 1302 1312 1345 conviviis
1345 1318 1426 1359 pu-

60 1360 185 1403 blicis
228 1375 279 1402 ac
321 1359 445 1405 festis
486 1359 642 1402 diebus
673 1359 1034 1403 concelebrandis
1064 1359 1299 1416 plurimum
1329 1374 1426 1402 ver-

58 1423 234 1471 sentur,
279 1416 470 1472 denique
512 1418 644 1459 etiam
674 1420 855 1459 utantur
885 1417 1049 1472 optima
1079 1415 1276 1473 corporis
1307 1416 1425 1459 vale-

58 1473 210 1517 tudine
249 1474 494 1530 viriumque
534 1474 706 1517 robore.
777 1475 875 1516 Nec
918 1489 1023 1516 vero
1065 1474 1219 1530 negari
1258 1480 1422 1530 potest,

57 1530 425 1588 legumnlatorem
465 1545 596 1586 quam
635 1530 968 1587 diligentissime
1009 1546 1164 1573 cavere
1203 1538 1422 1587 oportere,

58 1602 114 1629 ne
138 1587 401 1644 cupiditates
428 1587 530 1630 inde
560 1588 759 1630 oriantur
787 1588 872 1644 ipsi
901 1593 1085 1630 naturae
1125 1588 1195 1630 vel
1235 1588 1422 1631 maxime

57 1645 316 1695 contrariae.
376 1644 438 1687 Et
477 1659 559 1687 nos
591 1645 768 1700 quidem
797 1646 884 1688 iam
915 1651 1045 1687 antea
1075 1645 1288 1687 nonnulla
1317 1659 1422 1688 oon-

58 1701 306 1756 stituimus,
347 1717 460 1758 quae
501 1701 558 1743 ad
595 1702 806 1744 tuendam
855 1701 1204 1757 servandamque
1253 1708 1420 1759 tempe-

58 1759 242 1801 rantiam
278 1765 323 1801 et
361 1759 671 1802 continentiam
710 1759 899 1801 valeant.
961 1758 1184 1812 Quorsum
1214 1759 1423 1815 pertinet,

60 1815 183 1870 quod
220 1814 399 1858 divitias
436 1815 656 1858 voluimus
697 1831 724 1857 a
762 1817 942 1858 civitate
973 1822 1128 1858 nostra
1157 1816 1316 1871 procul
1346 1816 1423 1858 ha—

58 1871 166 1924 beri,
199 1886 287 1926 qna
313 1887 402 1915 una
441 1886 488 1913 re
529 1872 685 1915 mirum
725 1879 938 1927 quantum
979 1872 1035 1913 ad
1065 1872 1185 1914 illam
1214 1872 1423 1915 virtutem

57 1928 300 1985 proficitur.
385 1929 620 1971 Praeterea
682 1930 814 1972 etiam
872 1929 1157 1985 magistratus
1214 1929 1422 1972 iussimus

56 1999 199 2028 mores
244 1986 467 2042 vitamque
505 1985 666 2027 civium
709 1986 862 2029 sedulo
903 1986 1184 2040 observare,
1205 2001 1293 2040 quo
1323 1987 1422 2043 ipso

57 2055 236 2098 sperare
276 2042 380 2085 licet
409 2041 613 2085 effectum
645 2042 722 2098 iri,
763 2050 813 2086 ut
858 2042 1024 2099 flagitia
1063 2043 1288 2098 nequitiae
1318 2058 1423 2099 pro-

57 2098 293 2142 hibeantur
333 2106 377 2141 et
415 2106 660 2141 arceantur.
730 2098 822 2143 Sed
860 2097 1028 2142 restant
1059 2100 1167 2153 alia,
1212 2115 1326 2155 quae
1367 2100 1422 2143 de

58 2155 126 2197 his
163 2156 299 2198 rebus
334 2155 595 2211 exponenda
615 2156 737 2210 siut,
769 2173 856 2213 quo
886 2157 1050 2199 rectius
1081 2172 1215 2212 quum
1245 2157 1421 2200 omnino

57 2211 112 2254 de
148 2212 360 2255 lubidinis
390 2213 634 2269 pravitate,
665 2220 758 2256 tum
788 2214 844 2256 de
873 2229 1110 2271 puerorum
1140 2215 1299 2257 amoris
1327 2220 1421 2257 tur—

59 2268 257 2325 pitudine
303 2269 490 2312 iudicari
539 2276 684 2326 queat.
761 2271 878 2313 Nam
926 2285 1163 2327 puerorum
1212 2287 1418 2326 amorem,

59 2327 337 2381 quantumvis
377 2334 558 2369 naturae
590 2328 880 2382 contrarium,
910 2335 1058 2370 tamen
1086 2329 1209 2385 leges
1240 2328 1420 2385 Sparta·-

59 2397 214 2426 norum
252 2389 298 2426 et
336 2382 612 2426 Cretensium
652 2400 742 2427 non
785 2384 990 2427 videntur
1042 2386 1149 2427 satis
1203 2388 1420 2428 coercere.

59 2437 132 2482 De
172 2439 241 2482 his
279 2441 415 2498 igitur
454 2441 587 2484 rebus
625 2448 675 2484 ut
704 2447 822 2484 recte
852 2448 1097 2495 statuatur,
1129 2442 1214 2494 tria
1244 2443 1442 2485 omnino»

18 2499 28 2505 “
61 2502 164 2537 sunt
205 2498 421 2553 amicitiae
462 2513 625 2555 genera
672 2498 1000 2556 distinguenda.
1069 2499 1140 2540 Ex
1178 2498 1247 2541 his
1287 2515 1420 2542 unum

61 2557 154 2605 est,
199 2553 317 2608 quod
364 2556 614 2597 continetur
658 2556 900 2598 animorum
930 2555 1243 2610 similitudine,
1270 2571 1421 2612 vquum

10 2615 15 2618 ’
61 2607 258 2652 homines
296 2610 426 2654 simili
463 2613 535 2655 vel
565 2613 737 2668 aequali
767 2613 928 2655 virtute
957 2611 1145 2669 praediti
1174 2619 1326 2656 mutua
1354 2614 1421 2657 in-

60 2670 128 2707 ter
167 2680 214 2708 se
254 2666 559 2712 benevolentia
600 2677 642 2712 et
683 2669 864 2712 caritate
900 2670 1236 2726 coniunguntur.
1292 2671 1420 2714 'Alte-

121 2745 212 2779 mat.
242 2746 333 2789 opp.
363 2748 442 2783 von.
468 2749 510 2781 x.
538 2750 630 2784 Sem.
661 2752 700 2785 ιι.
1094 2749 1147 2791 26
