1644 2886
319 979 1076 1058 ARGUMENTUM

478 1120 657 1155 nunu
683 1119 896 1154 SEXTI.

28 1280 219 1356 Accedit
248 1313 532 1357 Atheniensis
572 1312 730 1355 dehinc
759 1313 816 1355 ad
846 1312 1152 1368 magistratus,
1194 1326 1379 1367 quorum

22 1385 197 1428 genera,
228 1377 443 1427 potestas,
482 1370 710 1427 imperium
749 1369 1029 1411 definiuntur.
1098 1368 1170 1410 De
1209 1382 1297 1423 qua
1334 1384 1380 1412 re

22 1427 130 1470 haec
166 1427 257 1470 fere
294 1427 582 1470 disseruntur.
656 1425 803 1479 Quum
842 1426 1075 1482 plurimum
1114 1425 1380 1482 reipublicae

21 1484 207 1538 intersit,
238 1490 289 1526 ut
317 1484 424 1527 boni
452 1483 755 1539 sapientesque
786 1482 874 1526 sint
914 1482 1073 1538 quibus
1110 1488 1261 1525 utatur
1289 1498 1378 1525 ma-

21 1542 256 1598 gistratus,
296 1548 391 1584 tum
422 1540 551 1583 etiam
581 1540 636 1594 ii,
669 1540 744 1595 qui
774 1539 872 1582 illos
904 1541 992 1582 sint
1021 1539 1234 1592 creaturi,
1265 1540 1376 1582 tales

22 1598 111 1640 sint
148 1612 326 1641 necesse
364 1603 453 1652 est,
493 1596 570 1652 qui
607 1603 726 1639 recte
767 1597 941 1653 possint
981 1596 1163 1639 aliorum
1191 1597 1378 1640 virtutes

22 1654 248 1697 aestimare
284 1662 415 1710 atque
455 1654 509 1696 iis
547 1654 818 1696 committere
861 1668 1041 1696 munera
1077 1653 1270 1710 publiea,
1301 1655 1376 1710 qui

21 1711 78 1754 ad
116 1726 168 1754 ea
205 1718 323 1755 recte
362 1711 672 1768 sapienterque
702 1710 905 1753 obeunda
935 1725 1037 1753 vere
1066 1710 1214 1753 idonei
1245 1710 1378 1754 habe-

21 1780 159 1811 antur.
228 1767 486 1811 Cuiusmodi
524 1767 756 1824 prudentia
788 1774 921 1823 atque
948 1767 1241 1825 intelligentia
1271 1783 1379 1824 quo·

21 1825 135 1867 niam
175 1840 200 1867 a
239 1826 367 1867 novis
406 1825 598 1878 colonis,
642 1824 717 1879 qui
743 1824 938 1867 nondum
968 1824 1169 1881 publicas
1199 1839 1270 1868 res
1299 1840 1379 1867 no-

20 1887 201 1935 verunt,
244 1882 317 1923 vix
345 1887 494 1937 potest
523 1881 767 1937 expectari,
808 1882 883 1936 qui
912 1881 967 1923 ab
997 1881 1124 1923 initio
1155 1882 1200 1923 in
1230 1887 1380 1923 nostra

20 1938 196 1980 civitate
237 1937 431 1994 deligant
467 1942 511 1979 et
558 1937 831 1979 constituant
869 1953 938 1979 ma
971 1937 1174 1992 istratus,
1218 1938 1378 1993 partim

21 1993 271 2038 arcessendi
318 2000 421 2037 sunt
467 1992 654 2036 aliunde.
734 1993 891 2048 Itaque
941 1953 1126 2048 ffinosii,
1177 1994 1378 2037 coloniae

21 2058 244 2105 auctores,
276 2049 460 2108 rogandi
501 2055 652 2103 erunt,
684 2055 734 2091 ut
763 2049 846 2092 hac
885 2050 929 2092 in
965 2065 1011 2092 re
1050 2050 1177 2093 novis
1208 2051 1379 2094 civibus

20 2109 179 2151 nostris
211 2108 349 2150 velint
378 2107 563 2150 consilio
593 2113 723 2161 atque
755 2121 889 2162 opera
918 2122 998 2150 sua
1027 2107 1193 2150 adesse.
1253 2107 1378 2162 Quo-

21 2165 138 2208 circa
181 2165 401 2222 principio
448 2163 773 2207 constituantur
826 2165 1008 2221 triginta
1061 2170 1229 2220 septem
1277 2165 1376 2220 viri,

21 2222 177 2276 quibus
216 2222 361 2279 legum
409 2236 514 2264 cura
558 2219 860 2275 demandetur,
914 2236 1055 2277 usque
1098 2221 1200 2263 dum
1240 2222 1377 2265 nostri

22 2278 140 2321 cives
152 2279 278 2322 novis
299 2278 472 2336 legibus
492 2276 728 2320 assuefacti
748 2290 986 2333 eorumque
997 2279 1123 2321 liberi
1146 2277 1203 2320 ad
1223 2279 1375 2322 harum

20 2335 232 2378 rationem
275 2335 448 2378 educati
487 2341 531 2377 et
566 2333 758 2376 instituti
786 2333 958 2380 fuerint.
1019 2335 1201 2378 Illorum
1230 2342 1375 2378 autem

22 2391 291 2449 undeviginti
321 2407 376 2447 ex
406 2390 573 2435 colonis
605 2390 866 2447 deligantur,
893 2391 1135 2438 octodecim
1153 2407 1258 2435 vero
1288 2393 1378 2436 sint

25 2445 203 2503 Gnosii,
244 2449 402 2504 quibus
439 2449 507 2492 ius
547 2462 687 2490 novae
725 2447 915 2491 civitatis
956 2449 1243 2506 impertiatur.
1313 2449 1376 2492 Hi

23 2504 157 2560 igitur
193 2506 476 2549 communiter
517 2505 662 2562 legum
706 2503 978 2560 publicarum
1016 2520 1163 2548 curam
1204 2511 1374 2562 gerant,

23 2574 164 2615 usque
201 2559 304 2603 dum
340 2563 394 2606 ab
432 2563 530 2620 ipsa
560 2561 739 2603 civitate
774 2561 949 2605 institui
975 2563 1119 2619 possit
1148 2562 1376 2619 magistra-

25 2622 146 2659 tuum
186 2617 360 2662 creatio.
427 2620 498 2662 De
535 2618 661 2662 cuius
698 2617 866 2661 ratione
902 2619 1010 2662 haec
1039 2618 1247 2662 videntur
1275 2633 1375 2662 san·

27 2672 178 2716 cienda
206 2688 313 2717 esse·
362 2674 680 2734 Suffragiomm
711 2675 778 2718 ius
809 2682 905 2719 esto
934 2690 1070 2733 penes
1102 2690 1176 2719 eos
1207 2690 1372 2729 omnes,
