1644 2886
223 76 432 119 XXXVI
655 76 688 116 Ρ
694 72 1087 117 ROLEGOMEN
1096 75 1132 115 A

225 187 418 229 incurrit.
488 184 781 239 Quamobrem
822 180 932 227 αἰών
969 198 1048 239 pro
1088 184 1187 236 βίος
1225 182 1388 226 dietum
1419 188 1486 224 est
1516 187 1564 224 ut

225 243 455 298 Protagor.
495 257 539 297 p.
582 241 677 282 345.
715 237 764 280 C.
796 244 839 280 et
881 237 1016 294 Gorg.
1048 254 1088 295 p.
1118 240 1214 281 448.
1247 237 1298 284 C,
1329 239 1373 280 in
1406 238 1564 292 quibus

225 298 332 340 locis
368 311 493 339 nemo
534 295 761 350 quisquam
793 293 983 335 haeserit
1010 309 1092 338 neo
1122 309 1312 349 unquam
1341 294 1432 336 iure
1462 293 1563 336 hae-

227 354 349 395 rebit.
419 353 555 393 Porro
595 352 742 402 μοῦσα
780 350 816 391 si
859 349 1030 404 quaeris
1071 365 1157 405 qua
1195 350 1360 392 ratione
1401 348 1564 391 dietum

226 408 446 460 videatur,
485 421 565 448 neo
606 406 679 447 uni
726 405 896 447 Platoni
929 406 1129 462 proprius
1157 405 1228 448 hio
1256 420 1360 448 usus
1390 411 1458 447 est
1485 419 1566 446 nee

227 464 280 506 ab
312 463 439 505 huius
460 460 774 504 consuetudine
793 461 881 503 ullo
902 460 1031 503 modo
1062 461 1242 514 alienus,
1273 460 1401 504 sicuti
1421 466 1565 503 osten·

227 519 367 560 dimus
403 516 460 560 ad
495 517 726 560 Politicum
764 532 804 573 p.
845 518 940 559 309.
985 517 1042 560 D.
1089 516 1254 559 Phileb.
1301 532 1342 571 p.
1394 517 1460 558 67.
1512 515 1565 559 B.

227 574 500 628 Quamquam
520 573 564 614 in
597 573 791 629 Legibus
823 587 874 615 ea
903 572 1163 629 metonymia
1191 578 1259 615 est
1283 571 1566 626 frequentior,

227 645 357 684 quam
395 630 440 671 in
477 629 572 672 aliis
609 629 803 672 Platonis
846 629 1140 671 sermonibus.
1209 627 1297 672 Sed
1336 627 1566 684 singularis

227 692 292 728 est
322 685 505 728 formula
535 684 645 727 κατὰ
675 685 756 728 τὸν
784 682 924 727 αὐτὸν
952 684 1138 739 ῥυθμὸν
1169 687 1266 740 ἔχει.
1328 682 1567 726 Prudenter

227 749 370 783 tamen
411 741 579 784 monuit
622 741 788 784 Henr.
833 739 1186 795 Stephanus,
1226 737 1338 783 κατὰ
1382 737 1568 794 ῥυθμόν

228 797 321 839 fieri
362 797 447 839 diei
486 797 648 851 solere,
681 795 892 852 quidquid
923 802 1040 838 certo
1071 795 1243 850 ordine,
1275 796 1392 838 iusto
1422 793 1567 848 modo,

229 853 386 896 idonea
424 854 706 908 proportione
736 853 837 905 fiat,
867 852 998 894 allato
1026 852 1156 895 etiam
1188 850 1434 895 testimonio
1463 850 1566 893 seri-

260 910 367 952 toris
404 909 723 951 Problematum
760 908 1056 951 Aristotel.
1087 907 1296 950 Thesaur.
1329 906 1456 962 Ling.
1489 903 1568 947 Gr.

229 925 328 1007 Vol.
371 964 455 1007 ΙΙΙ.
496 981 536 1020 p.
578 967 671 1008 724.
744 964 956 1006 Venimus
995 963 1078 1005 iam
1108 962 1163 1005 ad
1193 980 1233 1020 p.
1266 965 1360 1005 605.
1392 961 1441 1005 C.
1473 961 1568 1003 libr.

232 1021 316 1063 ΙΙΙ.
356 1021 430 1063 ubi
472 1021 678 1077 pristinae
717 1020 942 1062 divisionis
986 1020 1109 1075 regni
1153 1019 1317 1062 Persici
1366 1016 1569 1060 dicuntur

230 1078 358 1118 etiam
388 1091 502 1118 nunc
527 1091 753 1132 superesse
783 1078 943 1129 σμικρά
976 1076 1193 1128 ὀνείρατα.
1252 1073 1438 1117 Constat
1466 1088 1570 1115 vero

231 1133 435 1186 ὀνείρατα
474 1132 559 1174 diei
602 1147 668 1174 res
715 1130 920 1173 evanidas
951 1137 994 1173 et
1022 1131 1185 1172 inanes.
1244 1129 1406 1183 Quidni
1437 1129 1572 1186 igitur

232 1203 340 1243 quae
381 1188 435 1229 ad
475 1188 653 1229 nihilum
693 1189 782 1230 fere
821 1187 999 1229 redacta
1036 1192 1138 1229 sunt
1184 1193 1301 1229 reete
1350 1184 1572 1241 potuerint

232 1245 379 1286 vocari
412 1244 646 1295 dvelyarce?
705 1243 774 1285 Ita
793 1249 908 1286 certe
943 1241 1104 1296 ὄναρ,
1135 1252 1266 1297 atque
1296 1242 1400 1283 item
1431 1254 1570 1282 som-

232 1301 378 1342 nium
417 1299 533 1356 apud
573 1300 777 1353 Latinos,
819 1309 1073 1356 usurpatum
1112 1304 1192 1341 est.
1253 1298 1389 1340 Plat.
1421 1296 1570 1354 Symp.

232 1373 274 1412 p.
324 1358 414 1399 175.
456 1356 508 1397 E.
547 1355 695 1409 φαύλη
736 1358 806 1397 καὶ
851 1353 1244 1409 ἀμφισβητήσιμος
1284 1353 1421 1410 ὥςπερ
1462 1351 1571 1407 ὄναρ

233 1409 358 1454 οὐσα.
430 1411 719 1454 Plutarch.
765 1411 880 1453 Thes
924 1426 961 1452 e.
992 1411 1061 1452 32.
1092 1409 1200 1463 ὄναρ
1230 1411 1486 1462 ἐλευθερίας
1515 1407 1570 1449 al.

235 1468 458 1523 Pergimus
502 1466 570 1509 ad.
613 1469 708 1525 (μῦς
749 1473 793 1509 et
828 1464 985 1516 σκότος
1022 1465 1145 1509 Libr.
1186 1466 1242 1509 V.
1282 1482 1324 1522 p.
1376 1465 1471 1506 738.
1518 1462 1570 1504 E.

233 1524 346 1566 ὅπου
380 1523 467 1578 γὰρ
504 1524 564 1577 μὴ
603 1526 700 1582 φῶς
731 1521 939 1575 ἀλλήλοις
975 1525 1093 1564 ἐστὶν
1147 1519 1344 1573 ἀλλήλων
1382 1525 1428 1563 ἐν
1478 1526 1574 1567 τοῖς

232 1579 416 1633 τρόποις
451 1579 563 1621 ἀλλα
602 1579 762 1629 σκότος
802 1596 841 1621 κ.
879 1595 916 1621 τ.
955 1579 992 1620 λ.
1061 1577 1201 1631 Quem
1240 1578 1382 1620 locum
1422 1589 1571 1617 rursus

231 1636 356 1677 aliter
394 1636 564 1692 accepit
603 1635 886 1689 Zellerus,
927 1635 1024 1687 φῶς
1048 1634 1306 1675 notitiam
1337 1638 1380 1674 et
1409 1630 1599 1673 fa1ni-=

233 1691 564 1746 lim-itatem,
597 1690 757 1740 σκότος
786 1690 1208 1747 ignobilitatem
1238 1688 1325 1731 vel
1368 1687 1572 1730 obseu-

232 1748 458 1789 ritatem
500 1747 745 1803 significare
785 1752 918 1788 ratus.
1012 1747 1074 1787 At
1113 1760 1216 1787 vero
1268 1758 1348 1787 nos
1399 1742 1573 1798 quidem

233 1804 266 1846 si
305 1803 410 1858 quid
452 1803 643 1846 iudicare
685 1817 936 1858 possumus,
980 1801 1110 1844 verba
1147 1801 1261 1842 huno
1307 1801 1351 1841 in
1398 1798 1573 1840 modum

232 1859 556 1915 interpretanda
585 1865 707 1901 sunt:
743 1859 833 1900 ubi
864 1858 1005 1899 enim
1035 1872 1137 1898 non
1178 1857 1232 1898 in
1263 1857 1418 1899 clara
1447 1855 1573 1895 luce

232 1917 379 1956 inter
408 1915 569 1958 cives
599 1915 849 1971 ipsorum
879 1926 1052 1955 mores
1083 1911 1258 1968 positi
1286 1916 1441 1964 sunt,
1478 1909 1572 1952 sed

233 1972 418 2012 latent
448 1971 502 2011 in
533 1971 807 2024 tenebris,
839 1974 1038 2011 utnon
1070 1969 1136 2011 ab
1167 1968 1422 2011 omnibus
1454 1966 1571 2006 ani-

233 2027 506 2068 madverti
537 2034 595 2069 et
625 2026 868 2069 iudicari
908 2024 1134 2080 possint
1173 2030 1255 2066 eto.
1313 2022 1461 2064 Habes
1493 2021 1571 2077 igi-

233 2090 304 2124 tur
346 2083 406 2124 ibi
447 2098 571 2124 usum
614 2083 843 2125 verborum
874 2081 980 2124 satis
1008 2080 1156 2122 tritum
1186 2086 1230 2122 et
1259 2079 1494 2134 vulgarem,
1529 2078 1572 2118 in

234 2154 320 2192 quo
353 2139 548 2194 profecto
579 2138 685 2180 nihil
716 2144 805 2191 est,
846 2135 964 2191 quod
993 2151 1121 2191 quem
1150 2134 1305 2178 morari
1333 2139 1409 2175 aut
1439 2132 1572 2175 offen-

210 2194 336 2235 ssdere
375 2200 523 2247 queat.
592 2193 682 2237 Sed
722 2193 931 2235 mittimus
962 2193 1081 2247 talia,
1113 2191 1269 2247 quibus
1300 2195 1417 2231 certe
1445 2189 1572 2230 etiam

233 2250 306 2291 illa
344 2249 464 2291 Libr.
506 2250 539 2291 Ι.
579 2265 618 2305 p.
652 2251 747 2292 649.
790 2254 843 2291 A.
875 2248 952 2291 οὐκ
981 2252 1028 2290 ἐν
1057 2251 1193 2306 θοίνῃ
1224 2249 1351 2299 λέγω,
1383 2260 1488 2287 non
1519 2246 1573 2285 in

233 2320 451 2348 censum
499 2306 708 2360 refero,
756 2305 878 2347 Libr.
924 2303 1054 2346 VIII.
1093 2319 1134 2359 p.
1183 2303 1279 2344 838.
1332 2300 1396 2343 D.
1434 2298 1575 2349 ἄλλως

233 2363 444 2404 ἀναπνεῖν
472 2360 589 2418 παρὰ
619 2360 776 2415 νόμον,
810 2361 928 2403 Libr.
950 2359 1059 2402 XII.
1089 2375 1131 2415 p.
1162 2360 1258 2400 969.
1289 2358 1346 2399 A.
1378 2357 1575 2405 παιδείας

234 2443 289 2449 -
321 2419 398 2470 τῆς
439 2420 518 2460 νῦν
556 2422 862 2470 κεκινημένης,
904 2415 1023 2458 Libr.
1056 2414 1092 2456 I.
1123 2430 1175 2470 p:
1197 2415 1293 2457 644.
1324 2412 1380 2454 D.
1411 2411 1572 2465 ἐξέρχε-

235 2477 368 2528 σθαι,
397 2473 584 2516 iustos
616 2474 762 2516 fines
793 2470 1017 2529 egredi,
1049 2470 1134 2513 alia
1162 2469 1331 2520 similia,
1363 2467 1466 2509 addi
1496 2482 1573 2522 po-

234 2536 421 2574 tuerunt.
489 2530 724 2573 Veniamus
773 2527 946 2571 tandem
997 2526 1051 2570 ad
1091 2526 1281 2582 epitheta
1326 2523 1422 2577 illa,
1463 2537 1574 2577 quae

236 2586 328 2627 visa
366 2592 468 2628 sunt
508 2586 755 2644 singularia.
825 2584 891 2628 Ea
934 2598 1033 2626 vero
1073 2582 1153 2626 etsi
1191 2579 1347 2638 partim
1378 2577 1577 2622 nonnihil
