1644 2886
478 95 562 138 DE
595 94 876 139 LEGIBUS
912 100 996 138 etc.
1196 92 1408 136 LXXIII

41 211 202 254 coloris
248 211 409 266 poetici
453 210 669 264 referunt,
701 216 848 252 tamen
881 217 1048 251 tantum
1081 207 1231 261 abest,
1264 214 1314 250 ut
1343 207 1409 249 in-

40 267 172 310 ficeta
211 268 302 310 sint
342 277 420 311 aut
456 267 644 310 orationi
683 273 897 310 tumorem
941 281 992 308 ac
1022 265 1276 323 languorem
1308 279 1409 320 per-

39 324 264 381 spicuitati
306 324 531 368 inimicum
563 323 773 378 afferant,
808 330 856 366 ut
885 324 996 366 bene
1028 337 1247 380 perpensa
1277 323 1408 364 etiam

39 381 210 424 urbana
242 388 287 424 et
324 381 544 440 elegantia
585 380 724 424 videri
775 387 961 437 queant,
1005 378 1241 422 dummodo
1286 379 1406 432 item,

39 439 172 482 sicuti
198 453 279 495 par
310 445 402 494 est,
434 439 702 495 reliquorum
733 437 991 491 verborum,
1033 437 1294 493 quibuscum
1322 451 1412 478 una

39 496 334 553 perpetuitate
363 496 517 539 iuncta
547 501 653 538 sunt
683 501 816 550 atque
846 494 1078 551 copulata,
1120 492 1309 551 diligens
1340 509 1411 536 ra-

0 563 4 609 ξ
39 553 102 595 tio
133 552 359 596 habeatur.
418 552 517 596 Nec
545 567 648 595 vero
688 551 1000 609 intelligimus,
1032 550 1141 607 quid
1172 566 1224 594 ea
1253 566 1334 608 per
1363 565 1411 594 se

1 611 3 618 '
40 616 246 667 spectata
294 609 434 668 inepti
478 609 682 653 habeant.
758 608 875 651 Nam
923 610 1196 666 σωφρονοῦν
1244 607 1409 664 στόμα,

0 675 3 708 9
39 669 141 720 δίκη
170 665 414 724 εὐώνυμος,
445 665 711 725 εὐθύπορον
729 659 870 722 ἦθος,
905 665 1095 719 αἱμύλος
1116 667 1242 721 ἔρως,
1270 663 1412 718 ἄμου-

40 739 98 766 σα
127 722 445 779 ἁμαρτήματα,
474 722 646 779 ἄταφοι
676 721 872 778 πράξεις,
903 722 1012 766 satis
1034 722 1270 779 perspicua
1293 728 1410 766 sunt.

0 828 1 838 ἶ
40 780 174 835 Quod
203 788 352 824 autem
382 779 439 823 ad
468 779 638 836 reliqua
670 779 886 838 pertinet,
917 785 1023 822 sunt
1050 779 1128 822 illa
1157 784 1277 822 certe
1308 794 1412 822 vere

0 843 1 874 ἶ
40 837 268 895 ornantia,
310 843 623 895 ponunturque
663 837 822 895 partim
863 837 1065 880 similiter
1102 842 1152 879 ut
1188 836 1235 878 in
1272 836 1412 887 κακὸς

0 895 1 898 ’
41 893 263 951 θάνατος,
285 893 599 952 κακὸςμόρος,
630 895 770 938 mala
800 894 1005 950 febris,
1028 893 1168 937 mala
1188 894 1406 947 cicuta,

40 952 188 1008 qualia
217 958 393 996 constat
423 952 553 995 etiam
582 953 631 995 in
661 951 921 1008 quotidiano
945 966 1147 995 sermone
1165 951 1304 995 fuisse
1324 951 1409 994 fre-

41 1015 266 1066 quentata.
346 1008 436 1053 Sed
488 1009 598 1053 haec
656 1008 834 1065 quidem
883 1009 1010 1066 quasi
1062 1008 1410 1066 praetereund03

39 1067 230 1124 pertinet
258 1067 372 1110 enim
400 1082 550 1110 eorum
581 1067 816 1123 explicatio
846 1067 1030 1124 propius
1062 1065 1119 1109 ad
1149 1065 1411 1124 disputatio-

40 1139 137 1167 nem
165 1123 220 1167 de
243 1124 493 1167 iunctorum
523 1124 756 1167 verborum
782 1132 883 1167 usu.

157 1214 313 1270 Itaque
329 1214 398 1258 his
413 1214 560 1258 missis
574 1213 924 1272 transgredimur
941 1213 1120 1257 tandem
1135 1213 1193 1256 ad
1208 1221 1413 1270 quartum

43 1271 211 1327 locum,
255 1287 383 1327 quem
422 1271 642 1315 illustrare
685 1271 767 1315 hac
797 1270 1096 1330 disputatione
1125 1278 1280 1314 nostra
1310 1285 1415 1314 con-

42 1328 285 1384 stituimus,
318 1328 678 1385 quandoquidem
721 1335 883 1384 restat,
924 1336 974 1371 ut
1013 1329 1144 1372 etiam
1183 1327 1238 1371 de
1274 1327 1413 1372 nomi·

43 1401 170 1440 num,
211 1400 324 1441 quae
363 1386 586 1429 abstracta
618 1392 860 1442 vocantur,
890 1401 974 1430 usu
1004 1386 1050 1428 in
1082 1386 1254 1443 Legum
1286 1384 1412 1428 libris

43 1441 337 1499 frequentiore
392 1442 710 1501 disputandum
760 1443 832 1486 sit.
914 1443 1049 1487 Hunc
1099 1443 1237 1500 igitur
1284 1457 1414 1486 usum

43 1499 229 1557 primum
278 1500 432 1558 paucis
481 1501 746 1552 lustremus,
798 1501 1010 1558 exemplis
1059 1500 1154 1544 eius
1197 1501 1244 1543 in
1293 1505 1416 1543 certa

43 1557 261 1612 quaedam
299 1571 460 1615 genera
488 1557 738 1616 descriptis.
808 1557 912 1614 Quo
951 1559 1071 1602 facto
1102 1556 1414 1614 disquiremus,

43 1630 148 1657 num
184 1613 292 1671 quid
331 1615 375 1657 in
417 1630 469 1659 eo
512 1615 630 1659 insit
660 1615 796 1672 inepti
840 1621 919 1659 aut
958 1615 1134 1658 molesti
1177 1622 1222 1659 et
1252 1614 1414 1672 quibus

45 1671 214 1716 caussis
242 1671 336 1715 eius
366 1673 616 1728 frequentia
644 1672 691 1715 in
726 1673 926 1731 Legibus
956 1673 1136 1716 nitatur.

155 1753 310 1797 Potest
346 1760 492 1797 autem
532 1769 638 1798 usus
667 1755 892 1798 nominum
922 1754 1269 1807 abstractorum,
1302 1766 1416 1808 quae

44 1818 282 1865 vocantur,
320 1826 400 1868 pro
439 1812 658 1855 concretis
688 1813 959 1869 positorum,
991 1810 1210 1868 siquidem
1240 1815 1416 1867 specta-

44 1873 115 1909 tur
163 1868 435 1911 extrinsecus
484 1869 794 1924 indicaturque
850 1885 906 1912 ox
966 1869 1107 1911 forma
1165 1874 1210 1911 et
1266 1867 1416 1924 specie

45 1925 352 1980 grammatica,
394 1926 573 1969 omnino
603 1926 767 1983 duplex
798 1926 1004 1969 discerni.
1064 1927 1159 1968 Aut
1189 1925 1305 1968 enim
1335 1939 1415 1966 no-

44 1980 161 2023 mina
200 1981 276 2024 illa
314 1990 539 2038 ponuntur
578 1998 658 2039 pro
698 1983 796 2026 aliis
837 1983 1126 2025 substantivis
1164 1981 1416 2024 nominibus

45 2037 124 2080 sed
168 2038 220 2081 iis
252 2040 495 2093 concretis,
529 2054 641 2095 quae
674 2040 806 2096 vulgo
838 2039 1061 2093 dicuntur,
1093 2045 1170 2081 aut
1200 2053 1415 2095 usurpan-

47 2101 117 2136 tur
155 2098 247 2151 pro'
276 2095 506 2139 adiectivis
547 2103 592 2138 et
642 2097 909 2154 participiis,
962 2111 1075 2153 quae
1129 2096 1202 2139 alii
1250 2095 1414 2138 nomini

46 2152 287 2208 praedicati
327 2153 396 2195 vel
432 2154 633 2196 attributi
662 2154 760 2197 loco
792 2154 1106 2212 adiunguntur.
1166 2153 1415 2208 Utriusque
1485 2179 1487 2181 -

47 2210 218 2266 generis
274 2211 473 2267 exempla
526 2211 571 2252 in
626 2211 823 2269 Legibus
879 2211 1158 2268 reperiuntur
1207 2210 1413 2267 plurima,

48 2281 309 2323 quamquam
339 2268 563 2323 aliquanto
598 2268 735 2311 maior
764 2269 893 2325 copia
916 2275 984 2311 est
998 2284 1149 2312 eorum
1172 2268 1413 2321 nominum,

49 2338 160 2378 quae
200 2324 298 2367 loco
337 2325 710 2368 substantivorum
751 2327 896 2382 posita
935 2332 1051 2369 sunt.
1113 2325 1173 2368 Et
1202 2325 1258 2368 ad
1289 2325 1414 2382 prius

49 2379 224 2435 quidem
256 2396 396 2439 genus
426 2382 536 2425 haec
566 2383 656 2425 fere
694 2383 930 2440 pertinent.
989 2382 1167 2426 Dicitur
1197 2382 1415 2434 ὑπηρεσία

50 2452 128 2534 gro
157 2436 435 2496 ὑπηρέται
467 2440 590 2483 Libr.
623 2439 708 2482 VI.
737 2456 780 2497 p.
813 2442 909 2484 753.
930 2440 983 2482 Β.
1011 2439 1122 2483 XII.
1155 2456 1198 2497 p.
1231 2441 1326 2483 956.
1359 2438 1413 2481 E.

88 2508 187 2536 orro
216 2499 358 2553 φυγαί
398 2512 478 2553 pro
520 2496 742 2555 φυγάδες,
778 2497 1034 2552 exsules,
1076 2497 1202 2540 Libr.
1240 2496 1328 2539 ΙΙΙ.
1371 2513 1414 2553 p.

52 2550 149 2594 682.
190 2551 242 2594 E.
279 2559 529 2608 μηχαναί
569 2570 648 2611 pro
689 2554 1110 2598 machinatores
1151 2554 1414 2597 malarum

39 2608 257 2651 .artium
296 2609 416 2654 Libr.
460 2611 520 2654 X.
562 2628 603 2669 p.
655 2613 751 2655 908.
794 2611 850 2655 D.
889 2611 916 2664 ἡ
963 2610 1196 2655 δούλεια
1244 2627 1326 2668 pro
1370 2614 1414 2654 οἱ

0 2703 3 2711 ,
55 2665 206 2708 δοῦλοι
240 2665 363 2709 Libr.
394 2668 475 2710 VI.
510 2684 552 2725 p.
585 2669 681 2712 625.
711 2668 763 2712 B.
797 2670 1072 2725 πρεσβεία
1103 2685 1183 2725 pro
1213 2670 1416 2724 πρεσβεῖς
