1644 2886
227 76 307 118 DE
339 74 616 118 LEGIBUS
649 73 769 116 LIB.
804 73 884 116 VI.
916 74 966 117 P.

1000 75 1094 116 774.
1127 72 1195 117 St.
1334 75 1412 115 195

52 193 126 237 δια
159 194 403 250 χρημάτων
437 194 662 250 dnopaffav
707 192 930 236 διδασκειν
965 189 1069 241 τοὺς
1103 195 1314 243 πένητας·
1352 188 1407 231 τά

50 259 137 316 γὰρ
183 261 413 315 ἀναγκαῖα
457 260 722 317 ὑπαρχοντά
767 265 861 303 ἐστι
909 260 1019 302 πᾶσι
1061 259 1150 300 τῶν
1191 262 1236 300 ὲν
1270 254 1409 315 ταύτη-

50 330 103 388 τῇ
151 329 299 377 πόλει,
345 325 474 383 ὕβρις
520 330 567 371 δὲ
614 328 754 380 ὴττον
793 325 962 379 >munga
1000 328 1074 368 καὶ
1113 326 1287 368 δουλεία
1324 339 1411 366 τα-

51 393 179 447 πεινὴ
215 412 288 438 και
322 394 623 452 ἀνελεύθερος
659 392 732 437 δια
765 392 978 449 χρήματα
1014 401 1109 443 τοῖς
1142 391 1310 448 γήμασι
1340 393 1407 444 21'-
1442 390 1481 431 D

49 460 190 515 yvmr'
230 462 305 504 ἅν.
342 466 414 505 καὶ
452 461 476 506 ὁ
513 465 595 517 μὲν
629 462 903 516 πειθόμενος
932 462 980 502 ἓν
1006 461 1094 502 τῶν
1113 460 1262 502 καλῶν
1287 455 1411 515 δρῴη

50 527 171 572 τοῦτ’
228 526 287 570 ἄν
305 543 313 551 ·

489 633 511 640 .-

360 527 384 571 ὁ
422 531 468 572 δὲ
502 527 564 584 μὴ
602 527 878 584 πειθόμενος
915 525 940 579 ἢ
975 524 1127 576 διδοὺς
1162 523 1188 577 ἢ
1231 523 1408 581 λαμβά-

140 700 268 744 ὕβρις
299 702 344 734 δὲ
378 697 528 745 imon]
563 697 1404 735 Ald.10v.Bass.1.2.c0dd.A.§.5:122

50 749 73 781 t'.
99 747 128 781 h.
154 758 181 781 r.
207 749 376 791 scriptum
402 749 568 782 exhibent
594 742 710 790 ἧττον,
747 747 855 801 quod„
866 747 1050 780 Bekkerus
1076 757 1216 789 quoque
1241 750 1277 778 et
1302 745 1405 778 Turi

49 805 172 827 censes
192 795 344 850 amplexi
370 800 461 828 sunt
489 794 686 836 Stephanus
710 794 806 826 dedit
835 790 955 836 ἥττων.

139 840 179 873 D.
230 837 248 872 ὁ
275 839 319 872 δὲ
343 839 394 883 μὴ
422 838 685 881 πειθόμενος
710 837 731 882 ἧ
756 837 935 880 διδοὺς]
963 838 1055 871 Male
1082 838 1172 879 vulg.
1199 841 1281 869 ante
1309 833 1330 878 ἢ
1354 835 1403 868 δι

49 884 136 918 δοὺς
167 887 394 929 interponitur
428 883 512 919 ἀλλ’.
546 886 638 928 quod
676 896 752 918 cum
790 887 826 917 Α
867 883 904 918 Ω.

46 933 238 966 omisimus.
263 943 281 963 v
285 958 292 964 .
322 938 469 966 enarrat.

49 1073 167 1110 aptum
196 1078 275 1100 esse
300 1079 342 1102 ex
360 1075 571 1111 antegresso
601 1070 694 1113 εἰρή-

49 1117 127 1146 σθω
154 1113 189 1145 δὲ
219 1113 345 1153 πάλιν,
381 1116 426 1147 ita
462 1115 624 1157 quidem,
657 1121 694 1148 ut

49 1160 146 1192 notio
181 1161 274 1192 verbi
307 1161 378 1191 δεῖν
402 1161 467 1202 ipsi
493 1161 694 1202 adhaereat,

48 1215 139 1247 quae
160 1205 250 1238 inest
269 1206 301 1238 in
321 1205 489 1248 εἰρήσθω,
514 1207 606 1248 quod
633 1208 690 1240 iu-

50 1250 175 1284 bendi
220 1253 288 1285 vim
334 1257 371 1284 et
407 1253 692 1294 significationem

48 1297 244 1330 adiunctam
284 1297 402 1330 habet.
459 1298 694 1340 Exposuimus

49 1342 94 1374 de
113 1342 179 1375 hoc
196 1354 324 1386 genere
342 1344 507 1385 loquendi
521 1346 564 1376 ad
582 1344 691 1378 Phae-

49 1388 189 1431 don..p.
216 1389 272 1425 95.
301 1389 340 1421 Β.
374 1394 410 1422 et
443 1389 631 1432 Protagor.
659 1401 692 1432 p.

48 1433 127 1469 346.
164 1434 204 1467 Β.
238 1434 295 1467 ubi
327 1436 432 1467 etiam
477 1436 694 1469 Heindor-

50 1481 140 1512 fius
178 1481 222 1513 de
260 1491 302 1513 eo
351 1481 586 1514 consulendus
625 1486 691 1514 est.

50 1525 413 1560 Adde-Hermann.
440 1527 483 1559 ad
510 1528 632 1570 Viger.
657 1538 690 1570 p.

50 1572 128 1607 733.
153 1582 230 1604 aun.
252 1571 333 1607 158.
382 1573 486 1606 Hanc
515 1583 598 1606 vero
626 1584 690 1616 pu-

50 1618 161 1650 sillam
188 1628 260 1651 rem
286 1618 345 1650 ubi
366 1618 552 1660 diligenter
569 1623 690 1652 tenue-

50 1664 176 1704 rimus,
201 1668 371 1706 protenus
394 1665 588 1707 apparebit,
615 1666 692 1708 opi-

50 1719 131 1751 nor,
162 1711 369 1744 sententiam
402 1711 588 1743 verborum
613 1722 694 1744 esse

25 1754 153 1788 —lianm
189 1756 247 1788 De
277 1755 379 1788 dote
406 1762 448 1788 et
476 1761 607 1790 antea
634 1757 692 1790 di-

51 1805 162 1834 etum
194 1805 287 1841 est,
318 1805 359 1833 et
392 1802 549 1834 iterum
584 1812 694 1835 nune

52 1847 249 1887 dicatur,
280 1856 504 1889 pauperes
535 1847 692 1881 edoce-

51 1892 86 1925 ri
112 1897 348 1934 oportere,
383 1892 594 1934 aequalia
620 1903 695 1935 pro

52 1938 316 1979 aequalibus
372 1937 560 1977 habere,
622 1940 695 1980 qui

52 1994 115 2016 om
131 1984 231 2016 nino
265 1993 342 2016 nee
374 1982 450 2016 det
474 1993 551 2016 nec
579 1985 694 2017 acci-

52 2029 144 2073 piat
198 2028 368 2067 dotem,
430 2033 694 2072 propterea,

53 2073 167 2117 quod
194 2075 282 2107 isto
318 2073 450 2107 modo
490 2075 693 2108 omnibus

53 2120 113 2153 sit
160 2120 445 2163 pecuniarum
499 2121 693 2163 penuria.

53 2166 153 2199 Nam
195 2166 490 2199 necessariae
525 2166 697 2208 quidem

54 2221 124 2244 res
154 2212 352 2244 omnibu·
385 2217 628 2254 suppetunt
659 2214 699 2244 in

28 2250 131 2290 liae
174 2257 373 2290 civitate.
437 2258 590 2300 Atque
633 2258 700 2290 ita

55 2313 137 2344 per
160 2303 374 2345 pecunias
410 2307 454 2336 et
478 2304 518 2335 in
545 2303 699 2336 mulie-

60 2348 178 2380 ribus
235 2349 374 2381 minor
447 2349 699 2390 petulantia

56 2393 231 2427 existet
267 2399 310 2427 et
343 2395 521 2427 maritis
559 2395 702 2427 minor

58 2438 290 2473 servitutis
351 2440 583 2472 humilitas
632 2440 702 2472 ob—

58 2484 210 2525 tinget.
264 2485 315 2518 De
349 2490 527 2528 postrema
559 2489 699 2518 senten·

59 2529 104 2561 tin
152 2528 311 2571 Eurtp
327 2531 441 2564 ides
483 2532 514 2563 in
559 2531 698 2572 Fragm.

61 2573 223 2606 Phaeth-
254 2573 438 2620 ἐλεύθερος
464 2576 496 2609 δ’
526 2576 590 2617 ὧν,
615 2559 680 2608 cion?
685 2595 699 2600 -

60 2618 121 2656 λός
144 2620 218 2651 ἔστι
242 2623 307 2651 τοῦ
340 2621 474 2661 λέχους,
510 2621 699 2664 Πεπραμέ-

60 2674 120 2696 vo·
147 2663 188 2696 τό
221 2667 318 2707 σῶμα
354 2669 416 2707 τῆς
446 2670 572 2710 φερνῆς
604 2669 696 2708 71⁰¹*-

943 881 1401 916 v.f..lir...a‹·03.

761 1078 850 1109 quae
888 1073 971 1110 apte
1011 1071 1191 1108 comparat
1239 1066 1403 1099 Astius.

762 1114 950 1146 Praeterea
985 1113 1292 1156 wyttenbanh.
1326 1113 1346 1144 Ι.
1374 1123 1402 1143 e.

763 1160 897 1192 confert
940 1160 1084 1194 Plant.
1123 1159 1257 1191 Asinar.
1300 1158 1330 1190 Ι.
1371 1160 1404 1195 1,

763 1205 818 1241 74.
854 1209 1089 1247 Argentum
1126 1204 1302 1247 accepi3
1336 1203 1404 1237 do-

762 1257 805 1284 te
832 1252 1056 1293 imperium
1082 1250 1274 1284 vendidi.
1291 1251 1403 1283 Aulul.

762 1298 821 1331 ΙΙΙ.
846 1298 882 1338 5,
907 1297 963 1332 60.
1011 1296 1117 1330 Nam
1144 1305 1258 1339 quae
1284 1295 1404 1329 indo-

762 1347 857 1376 tata
893 1348 983 1382 est,
1022 1353 1067 1376 ea
1108 1343 1149 1375 in
1179 1346 1407 1384 potestate

763 1394 834 1422 est
861 1389 967 1429 viri3
996 1388 1185 1421 Dotatae
1208 1392 1405 1421 mactant

763 1440 807 1468 et
847 1436 958 1468 malo
998 1439 1040 1468 et
1072 1434 1228 1467 damno
1271 1434 1404 1467 viros.

762 1481 887 1515 Silium
948 1480 1094 1513 Bassum
1145 1490 1201 1523 ap.
1251 1480 1402 1513 Senec.

762 1529 931 1560 Controi'.
963 1526 993 1558 Ι.
1029 1526 1068 1560 6:
1109 1526 1270 1559 Omnes
1304 1536 1404 1558 uxo-

762 1583 833 1606 res
883 1572 1405 1612 divites-servitutem

763 1619 961 1660 exigunt.
1009 1617 1151 1651 Crede
1185 1617 1302 1658 milii,
1337 1628 1405 1650 vo-

763 1667 823 1698 let
857 1667 896 1697 in
938 1665 1033 1697 suis
1072 1674 1262 1707 regnare
1299 1663 1406 1696 divi·

763 1711 856 1750 tiis,
883 1715 919 1743 et
950 1711 1116 1744 Arellium
1145 1710 1294 1742 Fuscum
1323 1709 1404 1742 ibid.

766 1757 967 1789 insolens
1003 1757 1159 1788 malum
1187 1760 1254 1789 est
1279 1756 1404 1788 beata

763 1811 886 1835 uxor.
953 1802 1053 1834 Cum
1104 1802 1405 1835 immensum

763 1847 936 1891 pondus
971 1849 1069 1880 auri
1105 1847 1206 1879 orba
1243 1849 1405 1883 attule-

763 1893 843 1932 rit,
895 1902 985 1926 cum
1042 1893 1236 1934 pecunia
1283 1902 1408 1925 areas

765 1942 947 1971 nostras
989 1938 1272 1978 oneraverit,
1304 1937 1407 1980 quid

764 1983 906 2023 aliud,
941 1993 1061 2024 quam
1093 1983 1220 2015 beate
1245 1984 1407 2017 servie-

764 2028 880 2062 mus?
934 2028 1124 2062 Praeterea
1168 2029 1264 2070 legas
1303 2030 1407 2063 Bek-

763 2077 913 2108 kerum
941 2074 1088 2107 Cbaricl.
1116 2075 1196 2106 Vol.
1213 2075 1263 2107 ΙΙ.
1281 2074 1409 2117 p.455.

783 2121 855 2152 κ1).
905 2118 923 2151 ἆ
961 2121 1005 2152 δὲ
1037 2120 1090 2161 μὴ
1132 2119 1412 2159 πειθόμενος

768 2164 790 2206 ἢ
815 2163 976 2202 διδοῦς
1002 2164 1022 2206 ἢ
1048 2164 1292 2210 λαμβάνων]
1322 2167 1409 2199 Ver·

769 2212 813 2243 ba
839 2211 859 2252 ἢ
883 2211 952 2244 διδ.
981 2210 1002 2252 ἢ
1027 2211 1213 2253 λαμβάνων
1237 2230 1283 2236 -
1306 2217 1411 2256 μναῖν

769 2266 1012 2299 praegressum
1043 2256 1263 2298 πειθόμενος
1300 2259 1411 2300 expli-

768 2307 858 2337 cant.
892 2313 922 2337 v.
956 2302 998 2335 ad
1026 2302 1219 2345 Euthyphr.
1253 2314 1286 2346 p.
1312 2304 1345 2338 4.
1371 2304 1412 2336 C.

769 2348 880 2391 Gorg.
906 2359 940 2390 p.
966 2347 1047 2383 479.
1064 2349 1110 2380 D.
1163 2348 1243 2380 Hoc
1268 2351 1410 2390 quinon

769 2399 1022 2435 perspexerunt
1065 2395 1222 2436 penitus,
1266 2394 1411 2435 ante‘ri¹

768 2437 892 2471 διδούε
918 2438 963 2472 de
987 2449 1051 2472 suo
1076 2438 1154 2471 ἀλλ’
1188 2441 1408 2482 interposue—

768 2490 862 2522 runt,
901 2484 996 2526 quod
1036 2495 1116 2518 cum
1159 2484 1409 2518 Turieensilms

767 2531 992 2563 extrusimus.
1030 2530 1223 2563 Praeterea
1251 2541 1334 2565 vero
1358 2536 1410 2564 te-

767 2577 917 2608 nendum
954 2580 1034 2608 ante
1071 2573 1092 2616 »⁴1⁸
1123 2576 1191 2608 διδ.
1224 2574 1246 2616 ἢ
1276 2576 1410 2620 λαμβά-

769 2633 836 2653 νων
860 2621 1004 2662 intelligi
1031 2626 1195 2663 oportere
1221 2620 1239 2652 ὁ
1266 2624 1342 2665 μέν,
1367 2623 1410 2655 de

766 2677 834 2708 qna
861 2667 971 2708 ellipsi
996 2677 1028 2697 v.
1054 2676 1132 2699 anu.
1159 2666 1202 2699 ad
1228 2667 1411 2711 Protagor.

1037 2723 1144 2762 13*
