1644 2886
269 122 349 165 2⁸24
729 120 1109 165 ‘PLATONIS

266 240 339 280 καὶ
385 236 582 293 βρώσεως
626 239 698 278 καὶ
745 236 962 292 πωμάτων
1006 253 1051 280 τε
1099 235 1194 291 ἅμα
1241 241 1311 280 καὶ
1345 237 1584 294 βρωμάτων

265 303 585 357 ἐπιθυμήματα
632 299 924 358 παντοδαπά,
977 303 1152 352 πάντως
1186 305 1261 346 καὶ
1306 306 1400 359 περὶ
1434 306 1583 348 πᾶσαν

265 367 346 420 τὴν
387 369 470 422 γῆν
515 361 591 423 ἆρ’
644 367 722 411 οὐκ
757 369 950 423 οἰόμεθα
989 372 1232 423 γεγονέναι,
1282 372 1353 412 καὶ
1389 368 1585 428 στροφὰς

200 446 237 486 Β
266 433 390 488 ὡρῶν
426 437 661 486 παντοίας,
713 439 758 476 ὲν
798 434 867 484 αἷς
907 433 965 493 τὰ·
1000 437 1086 487 ζῶα
1120 434 1404 490 μεταβάλλειν
1438 434 1584 479 αὐτῶν

267 502 565 554 παμπληθεῖςΙΔ
584 499 829 555 μεταβολὰς
863 499 971 550 εἰκός
986 516 997 554 z,

366 567 467 608 ΚΛ.
540 568 642 616 Πῶς
675 566 759 621 γὰρ
791 566 870 617 οὓς

367 633 465 675 ΛΘ.
541 634 592 674 Τι’
627 627 727 686 οὖν,
776 631 1026 686 πιστεύομεν
1061 631 1279 684 ἀμπέλους
1312 648 1356 674 τε
1390 633 1586 690 φανῆναί

265 696 352 740 πού
389 714 507 747 ποτε,
543 698 756 754 πρότερον
792 699 869 742 οὐκ
891 697 1047 747 οὕσαςς
1082 696 1278 747 &gamm
1300 700 1342 740 δὲ
1364 701 1434 741 καὶ
1455 697 1585 748 ἐλάας

263 767 338 807 καὶ
375 762 431 806 τὰ
468 764 697 821 Δήμητρός
730 782 773 807 τε
805 768 876 806 καὶ
910 763 1057 819 Κόρης
1093 766 1236 819 δῶρα,
1276 763 1582 820 Τριπτόλεμόν

355 936 440 979 Cap.
466 937 581 969 XXII.
630 937 670 969 P.
696 938 771 972 782.
819 939 887 969 καὶ
909 937 1097 981 βρώσεως
1122 937 1178 979 -]
1208 938 1280 971 vat.
1306 948 1332 970 r.
1358 948 1419 979 pro
1444 937 1499 968 καὶ
1524 936 1582 970 hfi-

265 983 323 1015 bet
347 983 419 1023 τῆς.
467 983 557 1014 Dein
581 984 683 1024 vulgo
715 988 786 1015 erat
811 982 981 1024 πομάτων.
1031 983 1247 1015 Correximus
1278 994 1319 1016 ex
1347 984 1464 1024 Angel.
1492 993 1520 1016 v.
1548 987 1582 1016 et

266 1028 357 1060 Flor.
383 1039 412 1059 a.
463 1028 513 1059 De
543 1027 701 1060 universo
733 1030 829 1067 loco,
861 1029 916 1069 qui
948 1029 1062 1061 multis
1096 1029 1205 1061 modis
1237 1040 1255 1062 a
1284 1029 1408 1061 criticis
1433 1032 1582 1061 tentatus

264 1078 333 1115 est,
359 1074 581 1115 exposuimus
605 1073 636 1105 in
663 1074 887 1106 enarratione.

264 1184 376 1222 stimi,
411 1193 519 1225 nuper
543 1188 655 1216 autem
683 1185 715 1215 in
742 1183 893 1216 editione

264 1230 443 1262 Turicensi
476 1230 633 1261 antetulit
663 1229 720 1260 καὶ
744 1227 891 1271 ἁβρότη-

263 1287 332 1312 τος.
360 1275 397 1307 C.
425 1274 487 1306 Fr.
513 1275 785 1307 Hermannus
815 1284 892 1315 por-

265 1331 302 1352 ro
335 1330 395 1360 pro
425 1318 576 1362 βρώσεως
607 1320 650 1352 de
686 1330 748 1351 suo
788 1319 894 1351 edidit

264 1364 470 1408 ἦμερώσεως.
495 1366 610 1397 relicta
635 1367 734 1407 plane
753 1369 787 1397 et
811 1375 891 1397 con-

264 1416 368 1444 temta
382 1411 542 1442 librorum
555 1412 768 1442 auctoritate.
780 1410 818 1441 W
828 1421 891 1452 ag-

265 1465 394 1488 nerus
427 1454 501 1497 οῗμα
539 1455 702 1497 δωμάτων
735 1457 890 1489 coniecit.

265 1501 355 1536 Quid
374 1501 427 1532 alii
452 1502 631 1540 senserint,
657 1511 794 1532 narrare
820 1501 892 1532 lon-

264 1557 342 1588 gum
376 1550 448 1583 est,
486 1545 755 1586 quandoquidem
787 1546 890 1578 inter-

265 1596 380 1633 pretes
405 1600 522 1622 ornnes
546 1590 622 1622 inde
647 1601 665 1621 a
692 1590 807 1621 Ficino
831 1599 890 1621 us-

263 1646 328 1677 que
360 1635 442 1668 haec
475 1639 589 1667 nostra
622 1639 774 1677 tempora
800 1635 888 1667 varia

263 1692 303 1714 ac
350 1682 483 1713 diversa
537 1680 682 1712 inierunt
734 1681 887 1712 consilia:

263 1726 427 1760 Nimirum
445 1726 591 1767 pessime
610 1726 758 1767 plerique
772 1735 889 1757 omnes

261 1771 318 1804 καὶ
340 1770 490 1814 βρώσεως
520 1771 698 1802 iunxerunt
731 1780 805 1802 cum
833 1781 889 1802 an-

262 1817 444 1858 tegressis,
478 1826 578 1857 quum
618 1820 731 1848 tamen
767 1825 891 1848 conne-

263 1862 420 1894 ctendum
455 1861 499 1893 sit
529 1871 603 1897 cum
637 1861 746 1893 verbis
771 1871 890 1893 conse-

262 1908 460 1948 quentibus:
488 1906 543 1938 καὶ
557 1904 728 1947 πωμάτων
751 1924 793 1929 —-
817 1907 886 1937 btv

262 1952 470 1994 θυμιήματα.
520 1952 640 1992 ltaque
665 1952 890 1992 importunam

262 2002 342 2040 post
373 1997 427 2029 καὶ
458 1995 608 2039 βρώσεως
640 1996 890 2028 distinctionem

261 2045 383 2076 tollere
421 2042 569 2084 placuit,
617 2043 741 2074 ceteris
783 2042 888 2074 etiam

260 2089 351 2121 iusto
399 2087 502 2120 modo
551 2087 745 2128 descriptis.
809 2086 889 2120 Quo

260 2133 354 2167 facto
389 2132 477 2166 hunc
514 2137 671 2175 putamus
707 2133 887 2171 verborum

262 2189 397 2212 sensum
414 2178 579 2211 existere:
605 2178 711 2212 Quid
727 2175 889 2218 igitur?

262 2225 490 2256 civitatum
543 2223 889 2256 constitutiones

261 2279 311 2302 ac
373 2269 711 2308 dissolutiones,
774 2268 889 2300 varia

261 2324 394 2356 porro
433 2314 599 2346 ordinis
645 2316 687 2345 et
728 2317 888 2353 pertur-

261 2360 452 2393 bationis
478 2358 646 2399 studia,
678 2357 888 2400 multipli-

261 2416 332 2438 ces
357 2414 457 2437 esus
482 2409 523 2436 et
552 2405 885 2445 potulentorum

259 2451 429 2493 pariter
453 2454 585 2490 atque
604 2446 796 2481 ciborum
821 2457 888 2481 cu·

264 2495 504 2538 piditates,
541 2504 682 2527 nonne
719 2494 888 2526 omnino

263 2545 305 2574 et
355 2545 450 2574 tota
503 2543 620 2572 terra
681 2540 888 2572 extitisse

263 2587 653 2624 existimamus,
702 2589 744 2615 et
791 2583 887 2616 anni

263 2635 575 2674 tempestatum
615 2630 756 2662 varias
791 2638 887 2661 con-

263 2678 513 2717 versiones,
544 2676 582 2707 in
618 2674 768 2716 quibus
793 2684 884 2707 con-

959 1188 1210 1215 sentaneum
1245 1185 1310 1214 est
1338 1182 1580 1216 animantes

961 1229 1208 1270 permultas
1245 1227 1437 1260 subiisse
1462 1234 1580 1261 natu-

958 1284 1032 1306 rae
1058 1283 1158 1305 suae
1184 1273 1479 1306 mutationes?
1522 1275 1581 1307 Ni·
1630 1300 1634 1321 ἱ

958 1320 1078 1351 mirum
1111 1317 1264 1360 βρώσεως
1296 1319 1453 1351 universe
1484 1330 1582 1361 prae·
1630 1326 1631 1329 ’

959 1364 1118 1406 mittitur,
1151 1364 1202 1394 cui
1228 1363 1452 1403 apte'deinde
1477 1365 1584 1396 subii-

959 1410 1045 1442 citur
1075 1410 1123 1441 rei
1149 1408 1337 1440 accuratius
1369 1409 1582 1442 definiendae

958 1455 1065 1496 gratia
1095 1454 1149 1485 καὶ
1178 1451 1344 1493 πωμάτων
1370 1465 1406 1485 τε
1429 1452 1503 1496 ἅμα
1526 1454 1582 1486 καὶ

959 1497 1168 1542 βρωμάτων,
1199 1498 1245 1530 ita
1270 1502 1305 1529 ut
1325 1498 1390 1530 iam
1417 1508 1483 1531 non
1507 1504 1581 1531 tan-

957 1550 1029 1576 tum
1056 1546 1098 1576 de
1122 1544 1206 1576 cibis
1230 1543 1292 1574 sed
1325 1544 1424 1576 etiam
1456 1544 1498 1577 de
1522 1555 1582 1584 po-

956 1590 1095 1621 tulentis
1128 1587 1344 1629 cogitandum
1379 1599 1457 1621 esse
1479 1600 1582 1631 appa-

956 1637 1041 1666 reat.
1091 1633 1135 1665 Et
1159 1633 1327 1664 vindicant
1358 1638 1452 1665 certe
1476 1635 1581 1668 libro·

957 1689 1027 1710 rum
1059 1678 1261 1719 scripturam
1294 1678 1336 1709 ab
1371 1679 1461 1710 omni
1491 1681 1580 1712 mala

957 1724 1150 1765 suspicione
1186 1733 1272 1763 quae
1303 1722 1463 1765 deinceps
1496 1730 1580 1760 sect.

958 1768 996 1800 C.
1045 1768 1234 1806 adduntur,
1283 1777 1371 1808 quae
1418 1769 1579 1803 miramur

957 1813 1112 1856 profecto
1149 1825 1166 1845 a
1205 1813 1330 1844 criticis
1373 1812 1433 1846 hac
1470 1815 1504 1847 in
1542 1825 1579 1849 re

957 1862 1054 1902 plane
1080 1860 1234 1901 neglecta
1261 1868 1348 1890 esse.

1002 1926 1043 1958 B.
1097 1925 1241 1957 καὶτὰ
1276 1923 1504 1968 Δήμητρος
1536 1945 1578 1950 ——

958 1970 1201 2011 διάκονοη]
1255 1971 1349 2002 Haec
1397 1971 1578 2004 Platonem

957 2016 1124 2050 dedecere
1158 2017 1338 2048 arbitratur
1369 2015 1578 2048 Zellerus

956 2061 1054 2094 Stud.
1081 2062 1239 2094 Platonn.
1265 2060 1367 2103 p.91.
1392 2065 1510 2103 utpote
1526 2063 1577 2094 ni-

955 2107 1020 2139 mis
1052 2107 1220 2140 affectata.
1279 2105 1350 2138 Nec
1386 2110 1499 2145 tamen
1538 2117 1578 2139 ea

954 2152 995 2184 ab
1021 2151 1139 2185 horum
1175 2153 1337 2185 librorum
1361 2151 1475 2184 indole
1500 2156 1578 2184 sunt

954 2198 1077 2231 aliena.

1000 2265 1038 2297 C.
1086 2263 1139 2295 Ta
1175 2262 1218 2294 δὲ
1245 2261 1327 2303 μὴν
1359 2262 1488 2295 θύειν
1512 2262 1576 2295 ἆν-

954 2308 1157 2353 θρώπους
1187 2308 1253 2349 ——-]
1284 2308 1389 2342 Quod
1424 2309 1576 2350 philoso-

954 2355 1041 2397 phus
1065 2355 1110 2387 ait
1134 2353 1232 2386 etiam
1259 2354 1331 2386 suis
1356 2353 1464 2386 adbuc
1488 2357 1576 2386 tem-

953 2401 1091 2441 poribus
1115 2398 1265 2431 homines
1294 2403 1449 2442 tanquam
1481 2399 1576 2431 victi-

955 2456 1027 2478 mas
1058 2444 1121 2476 diis
1151 2448 1317 2476 mactatos
1349 2455 1441 2485 esse,
1471 2444 1577 2476 fiebat

953 2492 985 2524 id
1017 2491 1048 2522 in
1075 2489 1235 2528 Arcadia,
1269 2490 1323 2521 ubi
1354 2490 1429 2523 Iovi
1459 2489 1575 2530 Lyaeo

953 2535 1083 2569 hostias
1094 2533 1254 2566 humanas
1273 2536 1479 2568 sacrificatas
1498 2543 1575 2566 esse

952 2583 1102 2621 constat3
1129 2589 1158 2611 ν.
1175 2579 1226 2612 De
1239 2580 1326 2621 Rep.
1343 2580 1428 2613 vln.
1448 2590 1480 2621 p.
1494 2578 1573 2613 565.

954 2627 992 2658 D.
1016 2625 1194 2658 Pausan.
1224 2625 1308 2657 Vlll.
1327 2627 1381 2661 27.
1399 2625 1475 2658 coll.
1492 2624 1573 2657 ibid.

950 2671 981 2706 2·
1023 2670 1250 2712 Augustin.
1295 2672 1345 2704 De
1389 2670 1460 2702 Civ.
1510 2669 1574 2702 Dei
