1644 2886
264 137 421 180 LXVI
688 86 1167 177 PROLEGOMENiss

263 248 596 291 existimandum
636 246 714 297 sit,
755 244 1028 287 considerato
1067 246 1254 287 universi
1294 260 1319 287 o
1353 245 1435 286 eris
1474 259 1600 301 argu-

263 309 433 357 mento,
472 302 646 344 minime
686 299 863 342 dubium
900 300 1036 342 videri
1077 300 1249 356 poterit.
1365 315 1433 342 am
1470 315 1603 355 quum

264 359 439 404 nomina
477 359 523 401 in
559 373 630 409 μα
669 357 872 398 exeuntia
910 355 979 398 vel
1019 370 1129 411 opus
1169 354 1370 398 effectum
1417 356 1486 397 vel
1515 370 1603 398 rem

265 413 445 457 factioni
483 411 722 454 subiectam
761 411 988 468 designent
1024 418 1153 466 atque
1191 426 1391 468 magnam
1437 417 1604 466 partem

266 468 481 512 simillima
516 467 604 509 sint
641 467 810 509 Latinis
841 467 1085 509 nominibus
1114 467 1158 508 in
1190 474 1375 509 entum
1405 467 1604 509 desinen-

265 525 407 577 tibus,
449 523 594 577 qualia
631 529 732 565 sunt
781 523 1198 576 munimentum,
1237 522 1603 577 impedimen-

268 587 398 633 tum,
443 584 854 632 ornamentum,
896 584 1368 630 coronamentum,
1397 586 1604 634 tempe-

267 640 594 687 ramentum,
645 635 1069 688 nutrimentum,
1114 634 1198 676 alia
1245 634 1402 685 multa3
1452 640 1605 689 sponte

267 690 403 733 intelli
436 691 546 744 itur,
587 691 632 731 in
663 704 714 731 eo
746 691 933 745 scripto,
973 690 1018 731 in
1049 705 1134 745 quo
1165 689 1307 745 agitur
1335 689 1606 744 potissimum

268 761 322 789 ne
360 706 490 788 regns
531 745 586 787 ad
623 746 755 787 vitam
787 746 854 787 vel
892 746 1103 801 privatam
1134 745 1202 786 vel
1231 745 1447 801 publicam
1476 746 1606 801 perti-

269 802 471 844 dentibus
512 808 643 855 atque
684 801 729 842 in
767 816 908 843 rerum
947 817 1028 843 usu
1066 807 1110 843 et
1147 802 1410 857 experientia
1436 801 1606 856 positis,

268 858 362 899 fieri
403 872 488 899 non
518 857 733 913 potuisse,
775 857 878 911 quin
907 872 1054 899 eorum
1085 857 1430 912 usurpandorum
1459 871 1607 898 neces-

269 915 377 956 sitas
426 912 561 954 multo
603 913 774 968 saepius
816 927 944 967 quam
983 913 1025 954 in
1072 913 1166 954 aliis
1203 912 1325 954 libris
1371 912 1607 964 obveniret,

270 968 488 1023 habetque
520 982 571 1009 ea
600 983 668 1010 res
696 974 819 1010 tanto
850 969 990 1010 minus
1019 969 1269 1022 molestiae,
1304 967 1422 1023 quod
1449 966 1607 1009 Graeci

270 1024 444 1067 omnino
482 1024 775 1079 imprimisque
812 1030 967 1079 poetae
1015 1023 1259 1066 istiusmodi
1297 1024 1472 1065 nomina
1517 1037 1609 1065 ere-

270 1081 389 1122 brius
417 1093 523 1121 usur
555 1094 626 1121 are
655 1086 986 1133 consueverunt,
1017 1079 1063 1120 id
1093 1079 1210 1133 quod
1241 1078 1403 1121 dudum
1434 1078 1609 1121 defnon-

271 1142 462 1177 strarunt
557 1135 833 1176 alckenar.
875 1134 930 1176 ad
972 1135 1076 1176 Euri
1110 1167 1121 1179 .
1161 1135 1385 1177 Phoeniss.
1415 1151 1454 1177 v.
1489 1136 1609 1178 1498.

271 1190 502 1246 Hippolyt.
532 1206 572 1231 v.
588 1191 684 1232 406.
715 1190 958 1246 Lennep.
988 1190 1043 1232 ad
1100 1190 1232 1232 halar.
1261 1206 1302 1246 p.
1339 1192 1432 1234 167.
1462 1190 1609 1246 Intpp.

271 1246 327 1288 ad
367 1245 551 1302 Gregor.
621 1246 690 1287 De
731 1246 918 1289 Dialect.
957 1262 997 1302 p.
1040 1247 1130 1289 182.
1173 1246 1259 1288 alii.
1318 1248 1467 1301 Atque
1497 1245 1609 1287 idem

270 1302 400 1357 plane
437 1302 566 1343 etiam
603 1301 657 1344 de
686 1302 930 1344 nominibus
969 1303 1014 1344 in
1044 1317 1130 1351 σις
1158 1301 1400 1343 terminatis
1431 1301 1611 1343 iudicari

272 1363 467 1413 oportet3
507 1371 618 1411 quae
660 1371 791 1410 quum
834 1358 971 1411 ipsam
1001 1356 1214 1400 action‘em
1244 1356 1311 1398 vel
1341 1356 1611 1399 effectionem

273 1427 415 1455 rerum
452 1412 726 1468 significent,
756 1414 952 1468 profecto
981 1413 1026 1455 in
1058 1413 1135 1454 tali
1166 1413 1398 1468 scriptione
1427 1413 1496 1455 vel
1523 1427 1610 1454 ma-

273 1469 386 1510 xime
423 1468 598 1510 fuerunt
637 1468 893 1510 necessaria.
961 1469 1117 1523 Neque
1158 1468 1403 1510 inconsulto
1451 1469 1613 1510 factum

273 1525 554 1577 arbitramur,
596 1524 712 1578 quod
752 1524 1006 1566 creberrime
1043 1525 1175 1566 verba
1203 1539 1299 1566 cum
1328 1524 1614 1580 praepositio-

274 1579 401 1622 nibus
432 1580 677 1634 composita
704 1586 984 1636 usurpantur,
1011 1581 1086 1623 ubi
1116 1580 1213 1634 quis
1243 1580 1375 1622 verba
1404 1580 1615 1636 simplicia

274 1635 604 1691 exspectaverit.
673 1634 727 1677 In
767 1650 854 1690 quo
894 1642 1040 1678 tamen
1070 1636 1328 1692 optimorum
1357 1636 1615 1692 scriptorum

274 1691 346 1733 lex
386 1697 431 1732 et
461 1691 573 1732 ratio
603 1691 836 1733 observata
865 1697 945 1746 est,
978 1706 1063 1747 qua
1093 1692 1333 1746 composita
1362 1692 1614 1746 neutiquam

274 1761 388 1788 mere
418 1761 496 1802 pro
537 1746 817 1802 simplicibus,
847 1758 896 1788 ut
935 1747 1153 1801 quondam
1181 1747 1255 1788 vul
1290 1747 1374 1789 aris
1405 1753 1496 1788 erat
1522 1747 1615 1802 opi-

274 1803 361 1855 nio,
393 1809 669 1857 usurpantur.
728 1802 903 1858 Quippe
932 1809 1151 1858 ponuntur
1172 1803 1247 1856 qui
1280 1817 1346 1844 em
1374 1802 1491 1859 apud
1518 1803 1616 1845 illos

274 1857 406 1900 verba
444 1856 680 1912 simplicia,
720 1858 793 1900 ubi
825 1860 1065 1913 composita
1095 1858 1436 1912 exspectaveris,
1478 1858 1644 1900 sicubi*

276 1912 393 1968 quod
423 1913 597 1967 scriptis
628 1913 752 1956 deest
781 1928 832 1955 ex
861 1915 1063 1963 universa
1091 1914 1297 1956 orationis
1321 1914 1431 1956 serie
1459 1914 1615 1955 intelli-

275 1967 462 2025 gendum
504 1968 788 2023 relinquitur3
833 1984 914 2011 nec
953 1985 1056 2012 vero
1085 1985 1179 2011 com
1214 1970 1324 2012 osita
1352 1975 1618 2024 usurpantur

274 2039 354 2081 pro
400 2024 693 2080 simplicibus,
737 2025 939 2078 quoniam
978 2041 1064 2067 non
1103 2041 1172 2067 mo
1208 2041 1232 2067 o
1269 2025 1502 2067 absurdum
1538 2022 1617 2067 sed

305 2094 410 2135 rope
448 2080 655 2122 furiosum
692 2080 888 2135 videtur,
929 2080 974 2122 id
1017 2081 1134 2136 quod
1174 2081 1333 2123 dixeris
1373 2087 1516 2122 tamen
1552 2081 1616 2122 in·

273 2096 438 2177 gictum
490 2135 632 2186 velle3
674 2151 760 2190 quo
806 2137 850 2178 in
899 2152 1057 2193 genere
1116 2137 1375 2189 interpretes
1422 2142 1614 2179 veterum

274 2191 535 2246 scriptorum
566 2204 696 2246 saepe
725 2191 905 2234 mirifice
935 2198 1128 2236 ruerunt.
1186 2192 1285 2234 Hoc
1314 2193 1454 2247 ipsum
1483 2192 1617 2248 igitur
1638 2227 1644 2246 9

274 2247 404 2288 etiam
442 2246 487 2287 in
526 2247 658 2288 verba
698 2249 939 2303 composita
978 2249 1023 2290 in
1053 2248 1248 2305 Legibus
1278 2254 1485 2303 usurpata
1514 2263 1643 2302 con-3

274 2302 396 2344 venit
431 2301 708 2357 planissime,
748 2318 859 2358 quae
898 2310 1014 2346 certe
1053 2319 1139 2346 non
1178 2302 1304 2346 aliam
1335 2304 1391 2346 ob
1421 2318 1616 2346 caussam
1634 2322 1641 2356 ,ε

277 2356 554 2414 reperiuntur
593 2358 737 2414 posita
773 2373 886 2413 esse,
918 2375 1046 2415 quam
1075 2359 1177 2414 quia
1205 2374 1273 2402 res
1306 2366 1349 2401 et
1377 2359 1616 2401 sententiae
1632 2375 1639 2402 «ι

274 2413 582 2456 accuratiorem
607 2412 919 2457 definitionem
967 2415 1035 2468 vel
1081 2415 1414 2471 descriptionem
1461 2430 1615 2471 exege-
1633 2412 1638 2458 ’ζ’

274 2475 395 2522 runt,
420 2507 427 2518 Δ.
443 2468 583 2511 veluti
615 2483 749 2523 quum
802 2470 964 2514 dictum
1004 2477 1073 2513 est
1120 2474 1436 2527 διείρηται,
1489 2486 1635 2525 per-0

274 2530 583 2576 tractatum
623 2531 729 2578 est,
781 2526 898 2581 quod
945 2532 1060 2569 certe
1102 2526 1220 2570 aliud
1259 2525 1362 2582 quid
1400 2526 1634 2583 significat&

274 2595 402 2635 quam
462 2580 642 2636 simplex
699 2581 880 2633 εἴρηται.
969 2581 1058 2625 Sed
1118 2581 1226 2625 haec
1286 2582 1480 2637 quidem·
1510 2596 1633 2638 pau-12<

273 2636 335 2678 cis
365 2636 634 2693 significasse
663 2637 779 2680 ‘satis
808 2637 937 2692 erit,
959 2636 1306 2693 'quandoquidem
1350 2638 1635 2694 singulorum*>¹
