<?xml version="1.0" encoding="UTF-8"?>
<!DOCTYPE html PUBLIC "-//W3C//DTD XHTML 1.0 Transitional//EN"
    "http://www.w3.org/TR/xhtml1/DTD/xhtml1-transitional.dtd">
<html xmlns="http://www.w3.org/1999/xhtml" xml:lang="en" lang="en">
 <head>
  <title>
</title>
<meta http-equiv="Content-Type" content="text/html;charset=utf-8" />
  <meta name='ocr-system' content='tesseract 3.04.00' />
  <meta name='ocr-capabilities' content='ocr_page ocr_carea ocr_par ocr_line ocrx_word'/>
</head>
<body>
  <div class='ocr_page' id='page_1' title='image "./s2operaomniarece10platuoft_0418.png"; bbox 0 0 1644 2886; ppageno 0'>
   <div class='ocr_carea' id='block_1_1' title="bbox 275 92 354 130">
    <p class='ocr_par' dir='ltr' id='par_1_1' title="bbox 275 92 354 130">
     <span class='ocr_line' id='line_1_1' title="bbox 275 92 354 130; baseline 0.013 -1"><span class='ocrx_word' id='word_1_1' title='bbox 275 92 354 130; x_wconf 83' lang='lat'><strong>304</strong></span> 
     </span>
    </p>
   </div>
   <div class='ocr_carea' id='block_1_2' title="bbox 749 89 1126 134">
    <p class='ocr_par' dir='ltr' id='par_1_2' title="bbox 749 89 1126 134">
     <span class='ocr_line' id='line_1_2' title="bbox 749 89 1126 134; baseline 0.011 -4"><span class='ocrx_word' id='word_1_2' title='bbox 749 89 1126 134; x_wconf 72' lang='lat' dir='ltr'>PLATONIS</span> 
     </span>
    </p>
   </div>
   <div class='ocr_carea' id='block_1_3' title="bbox 270 204 1600 595">
    <p class='ocr_par' dir='ltr' id='par_1_3' title="bbox 270 204 1600 595">
     <span class='ocr_line' id='line_1_3' title="bbox 275 204 1600 262; baseline 0.005 -17"><span class='ocrx_word' id='word_1_3' title='bbox 275 220 362 246; x_wconf 78' lang='grc' dir='ltr'><em>τειν</em></span> <span class='ocrx_word' id='word_1_4' title='bbox 404 209 566 251; x_wconf 75' lang='grc' dir='ltr'><em>,ἕκαστα</em></span> <span class='ocrx_word' id='word_1_5' title='bbox 611 205 771 247; x_wconf 71' lang='grc' dir='ltr'><em>αὐτῶν.</em></span> <span class='ocrx_word' id='word_1_6' title='bbox 819 204 918 251; x_wconf 77' lang='grc' dir='ltr'><strong><em>οἷον</em></strong></span> <span class='ocrx_word' id='word_1_7' title='bbox 961 205 1014 258; x_wconf 83' lang='grc' dir='ltr'><strong>δή</strong></span> <span class='ocrx_word' id='word_1_8' title='bbox 1050 223 1114 259; x_wconf 83' lang='grc' dir='ltr'><strong>τις</strong></span> <span class='ocrx_word' id='word_1_9' title='bbox 1149 206 1370 262; x_wconf 80' lang='grc' dir='ltr'><em>ναυπηγὸς</em></span> <span class='ocrx_word' id='word_1_10' title='bbox 1407 208 1486 260; x_wconf 71' lang='grc' dir='ltr'><strong>τὴν</strong></span> <span class='ocrx_word' id='word_1_11' title='bbox 1523 213 1600 262; x_wconf 81' lang='grc' dir='ltr'><strong>τῆς</strong></span> 
     </span>
     <span class='ocr_line' id='line_1_4' title="bbox 273 270 1599 329; baseline 0.005 -17"><span class='ocrx_word' id='word_1_12' title='bbox 273 274 516 324; x_wconf 79' lang='grc' dir='ltr'><strong><em>ναυπηγίας</em></strong></span> <span class='ocrx_word' id='word_1_13' title='bbox 549 270 692 326; x_wconf 74' lang='grc' dir='ltr'><em>ἀρχὴν</em></span> <span class='ocrx_word' id='word_1_14' title='bbox 724 271 1108 327; x_wconf 79' lang='grc' dir='ltr'><em>καταβαλλόμενος</em></span> <span class='ocrx_word' id='word_1_15' title='bbox 1143 272 1198 316; x_wconf 77' lang='grc' dir='ltr'><strong>τὰ</strong></span> <span class='ocrx_word' id='word_1_16' title='bbox 1234 277 1459 329; x_wconf 71' lang='grc' dir='ltr'><em>τροπιδεῖα</em></span> <span class='ocrx_word' id='word_1_17' title='bbox 1491 276 1599 319; x_wconf 78' lang='grc' dir='ltr'><strong><em>ὑπο-</em></strong></span> 
     </span>
     <span class='ocr_line' id='line_1_5' title="bbox 270 336 1596 396; baseline 0.006 -20"><span class='ocrx_word' id='word_1_18' title='bbox 270 336 485 392; x_wconf 72' lang='grc' dir='ltr'><em>γράφεται</em></span> <span class='ocrx_word' id='word_1_19' title='bbox 523 339 610 379; x_wconf 81' lang='grc' dir='ltr'><strong>τῶν</strong></span> <span class='ocrx_word' id='word_1_20' title='bbox 645 340 806 378; x_wconf 82' lang='grc' dir='ltr'><strong><em>πλοίων</em></strong></span> <span class='ocrx_word' id='word_1_21' title='bbox 840 338 1051 392; x_wconf 80' lang='grc' dir='ltr'><em>σχήματα,</em></span> <span class='ocrx_word' id='word_1_22' title='bbox 1090 337 1252 382; x_wconf 81' lang='grc' dir='ltr'><strong><em>ταύτὸν</em></strong></span> <span class='ocrx_word' id='word_1_23' title='bbox 1287 338 1339 391; x_wconf 80' lang='grc' dir='ltr'><strong>δή</strong></span> <span class='ocrx_word' id='word_1_24' title='bbox 1375 358 1450 395; x_wconf 90' lang='grc' dir='ltr'><strong>μοι</strong></span> <span class='ocrx_word' id='word_1_25' title='bbox 1480 341 1596 396; x_wconf 75' lang='grc' dir='ltr'><strong>κάγώ</strong></span> 
     </span>
     <span class='ocr_line' id='line_1_6' title="bbox 271 400 1600 463; baseline 0.005 -20"><span class='ocrx_word' id='word_1_26' title='bbox 271 405 488 458; x_wconf 84' lang='grc' dir='ltr'><em>φαίνομαι</em></span> <span class='ocrx_word' id='word_1_27' title='bbox 535 404 705 456; x_wconf 79' lang='grc' dir='ltr'><strong><em>ἐμαυτῷ</em></strong></span> <span class='ocrx_word' id='word_1_28' title='bbox 754 400 905 463; x_wconf 78' lang='grc' dir='ltr'><strong><em>[δρᾶν]</em></strong></span> <span class='ocrx_word' id='word_1_29' title='bbox 953 402 1006 446; x_wconf 76' lang='grc' dir='ltr'><strong>τὰ</strong></span> <span class='ocrx_word' id='word_1_30' title='bbox 1055 407 1142 448; x_wconf 78' lang='grc' dir='ltr'><strong>τῶν</strong></span> <span class='ocrx_word' id='word_1_31' title='bbox 1182 407 1286 460; x_wconf 80' lang='grc' dir='ltr'><em>βίων</em></span> <span class='ocrx_word' id='word_1_32' title='bbox 1338 406 1600 463; x_wconf 76' lang='grc' dir='ltr'><em>πειρώμενος</em></span> 
     </span>
     <span class='ocr_line' id='line_1_7' title="bbox 271 467 1600 532; baseline 0.005 -23"><span class='ocrx_word' id='word_1_33' title='bbox 271 467 474 522; x_wconf 81' lang='grc' dir='ltr'><em>σχήματα</em></span> <span class='ocrx_word' id='word_1_34' title='bbox 497 468 831 522; x_wconf 71' lang='grc' dir='ltr'><em>διαστήσασθαι</em></span> <span class='ocrx_word' id='word_1_35' title='bbox 852 469 964 512; x_wconf 76' lang='grc' dir='ltr'><em>κατὰ</em></span> <span class='ocrx_word' id='word_1_36' title='bbox 990 470 1183 527; x_wconf 79' lang='grc' dir='ltr'><strong><em>τρόπους</em></strong></span> <span class='ocrx_word' id='word_1_37' title='bbox 1201 470 1303 522; x_wconf 83' lang='grc' dir='ltr'><strong><em>τοὺς</em></strong></span> <span class='ocrx_word' id='word_1_38' title='bbox 1325 475 1411 514; x_wconf 82' lang='grc' dir='ltr'><strong>τῶν</strong></span> <span class='ocrx_word' id='word_1_39' title='bbox 1447 475 1600 532; x_wconf 81' lang='grc' dir='ltr'><strong><em>ψυχῶν</em></strong></span> 
     </span>
     <span class='ocr_line' id='line_1_8' title="bbox 273 533 1600 595; baseline 0.005 -20"><span class='ocrx_word' id='word_1_40' title='bbox 273 533 410 584; x_wconf 82' lang='grc' dir='ltr'><em>ὅντως</em></span> <span class='ocrx_word' id='word_1_41' title='bbox 467 534 615 578; x_wconf 80' lang='grc' dir='ltr'><em>αὐτῶν</em></span> <span class='ocrx_word' id='word_1_42' title='bbox 671 535 723 577; x_wconf 77' lang='grc' dir='ltr'><strong>τά</strong></span> <span class='ocrx_word' id='word_1_43' title='bbox 779 538 1004 592; x_wconf 79' lang='grc' dir='ltr'><em>τροπιδεῖα</em></span> <span class='ocrx_word' id='word_1_44' title='bbox 1058 538 1449 593; x_wconf 77' lang='grc' dir='ltr'><em>καταβάλλεσθαι,</em></span> <span class='ocrx_word' id='word_1_45' title='bbox 1492 544 1600 595; x_wconf 78' lang='grc' dir='ltr'><strong><em>ποίᾳ</em></strong></span> 
     </span>
    </p>
   </div>
   <div class='ocr_carea' id='block_1_4' title="bbox 365 672 1597 720">
    <p class='ocr_par' dir='ltr' id='par_1_4' title="bbox 365 672 1597 720">
     <span class='ocr_line' id='line_1_9' title="bbox 365 672 1597 720; baseline 0.004 -14"><span class='ocrx_word' id='word_1_46' title='bbox 365 675 402 707; x_wconf 81' lang='grc' dir='ltr'><strong>Ρ.</strong></span> <span class='ocrx_word' id='word_1_47' title='bbox 427 675 506 710; x_wconf 84' lang='grc'>803.</span> <span class='ocrx_word' id='word_1_48' title='bbox 556 673 600 706; x_wconf 64' lang='grc' dir='ltr'><strong>τὰ</strong></span> <span class='ocrx_word' id='word_1_49' title='bbox 625 672 872 716; x_wconf 77' lang='grc' dir='ltr'><em>τροπιδεῖα]</em></span> <span class='ocrx_word' id='word_1_50' title='bbox 899 676 957 708; x_wconf 83' lang='lat' dir='ltr'><strong>Sic</strong></span> <span class='ocrx_word' id='word_1_51' title='bbox 974 678 1016 708; x_wconf 77' lang='lat' dir='ltr'><strong>A.</strong></span> <span class='ocrx_word' id='word_1_52' title='bbox 1047 675 1084 708; x_wconf 85' lang='grc' dir='ltr'><strong>Ω.</strong></span> <span class='ocrx_word' id='word_1_53' title='bbox 1111 687 1144 709; x_wconf 83' lang='lat' dir='ltr'><strong>x.</strong></span> <span class='ocrx_word' id='word_1_54' title='bbox 1191 677 1303 719; x_wconf 86' lang='lat' dir='ltr'><strong>Vulgo</strong></span> <span class='ocrx_word' id='word_1_55' title='bbox 1331 677 1493 720; x_wconf 80' lang='grc' dir='ltr'><em>τροπίδια.</em></span> <span class='ocrx_word' id='word_1_56' title='bbox 1526 679 1597 711; x_wconf 85' lang='lat' dir='ltr'><strong>Alii</strong></span> 
     </span>
    </p>
   </div>
   <div class='ocr_carea' id='block_1_5' title="bbox 265 840 902 1792">
    <p class='ocr_par' dir='ltr' id='par_1_5' title="bbox 265 840 902 1792">
     <span class='ocr_line' id='line_1_10' title="bbox 271 840 900 885; baseline 0.005 -14"><span class='ocrx_word' id='word_1_57' title='bbox 271 840 407 883; x_wconf 77' lang='grc' dir='ltr'><em>πηγὸς</em></span> <span class='ocrx_word' id='word_1_58' title='bbox 430 842 496 885; x_wconf 91' lang='grc'><strong>-]</strong></span> <span class='ocrx_word' id='word_1_59' title='bbox 523 842 620 880; x_wconf 84' lang='lat' dir='ltr'><strong>Quae</strong></span> <span class='ocrx_word' id='word_1_60' title='bbox 644 844 769 876; x_wconf 87' lang='lat' dir='ltr'><strong>dehinc</strong></span> <span class='ocrx_word' id='word_1_61' title='bbox 790 853 900 884; x_wconf 89' lang='lat' dir='ltr'><strong>usque</strong></span> 
     </span>
     <span class='ocr_line' id='line_1_11' title="bbox 270 887 901 931; baseline -0.002 -11"><span class='ocrx_word' id='word_1_62' title='bbox 270 888 315 920; x_wconf 84' lang='lat' dir='ltr'><strong>ad</strong></span> <span class='ocrx_word' id='word_1_63' title='bbox 330 898 362 928; x_wconf 87' lang='lat' dir='ltr'><strong>p.</strong></span> <span class='ocrx_word' id='word_1_64' title='bbox 377 887 455 921; x_wconf 84' lang='lat'>804.</span> <span class='ocrx_word' id='word_1_65' title='bbox 476 888 515 919; x_wconf 87' lang='lat' dir='ltr'><strong>B.</strong></span> <span class='ocrx_word' id='word_1_66' title='bbox 533 890 639 920; x_wconf 82' lang='lat' dir='ltr'><strong>veluti</strong></span> <span class='ocrx_word' id='word_1_67' title='bbox 662 899 724 931; x_wconf 88' lang='lat' dir='ltr'><strong>per</strong></span> <span class='ocrx_word' id='word_1_68' title='bbox 747 890 901 920; x_wconf 83' lang='lat' dir='ltr'><strong>occasio-</strong></span> 
     </span>
     <span class='ocr_line' id='line_1_12' title="bbox 271 934 900 974; baseline 0 -10"><span class='ocrx_word' id='word_1_69' title='bbox 271 943 347 965; x_wconf 87' lang='lat' dir='ltr'><strong>nem</strong></span> <span class='ocrx_word' id='word_1_70' title='bbox 371 935 635 974; x_wconf 82' lang='lat' dir='ltr'><strong>interseruntur,</strong></span> <span class='ocrx_word' id='word_1_71' title='bbox 656 945 697 966; x_wconf 87' lang='lat' dir='ltr'><strong>ea</strong></span> <span class='ocrx_word' id='word_1_72' title='bbox 720 935 821 966; x_wconf 88' lang='lat' dir='ltr'><strong>nobis</strong></span> <span class='ocrx_word' id='word_1_73' title='bbox 850 934 900 964; x_wconf 89' lang='lat' dir='ltr'><strong>vi-</strong></span> 
     </span>
     <span class='ocr_line' id='line_1_13' title="bbox 271 980 900 1020; baseline 0.002 -11"><span class='ocrx_word' id='word_1_74' title='bbox 271 981 396 1010; x_wconf 81' lang='lat' dir='ltr'><strong>dentur</strong></span> <span class='ocrx_word' id='word_1_75' title='bbox 426 980 631 1012; x_wconf 84' lang='lat' dir='ltr'><strong>adumbrata</strong></span> <span class='ocrx_word' id='word_1_76' title='bbox 665 981 775 1020; x_wconf 84' lang='lat' dir='ltr'><strong>magis</strong></span> <span class='ocrx_word' id='word_1_77' title='bbox 813 989 900 1018; x_wconf 91' lang='lat' dir='ltr'><strong>esse,</strong></span> 
     </span>
     <span class='ocr_line' id='line_1_14' title="bbox 271 1025 899 1074; baseline -0.002 -19"><span class='ocrx_word' id='word_1_78' title='bbox 271 1034 374 1066; x_wconf 88' lang='lat' dir='ltr'><strong>quam</strong></span> <span class='ocrx_word' id='word_1_79' title='bbox 399 1025 573 1074; x_wconf 47' lang='lat' dir='ltr'><strong>‘perfecta</strong></span> <span class='ocrx_word' id='word_1_80' title='bbox 625 1029 658 1056; x_wconf 87' lang='lat' dir='ltr'><strong>et</strong></span> <span class='ocrx_word' id='word_1_81' title='bbox 711 1025 899 1056; x_wconf 84' lang='lat' dir='ltr'><strong>elaborata.</strong></span> 
     </span>
     <span class='ocr_line' id='line_1_15' title="bbox 270 1070 900 1111; baseline 0 -10"><span class='ocrx_word' id='word_1_82' title='bbox 270 1070 372 1101; x_wconf 82' lang='lat' dir='ltr'>Certe</span> <span class='ocrx_word' id='word_1_83' title='bbox 402 1071 542 1111; x_wconf 91' lang='lat' dir='ltr'><strong>quidem</strong></span> <span class='ocrx_word' id='word_1_84' title='bbox 577 1071 612 1101; x_wconf 90' lang='lat' dir='ltr'><strong>in</strong></span> <span class='ocrx_word' id='word_1_85' title='bbox 651 1071 694 1101; x_wconf 86' lang='lat' dir='ltr'><strong>iis</strong></span> <span class='ocrx_word' id='word_1_86' title='bbox 728 1071 900 1102; x_wconf 78' lang='lat' dir='ltr'><strong>subtilitas</strong></span> 
     </span>
     <span class='ocr_line' id='line_1_16' title="bbox 269 1116 902 1155; baseline 0 -9"><span class='ocrx_word' id='word_1_87' title='bbox 269 1116 465 1147; x_wconf 89' lang='lat' dir='ltr'><strong>disserendi</strong></span> <span class='ocrx_word' id='word_1_88' title='bbox 495 1116 582 1147; x_wconf 87' lang='lat' dir='ltr'><strong>adeo</strong></span> <span class='ocrx_word' id='word_1_89' title='bbox 607 1116 839 1155; x_wconf 86' lang='lat' dir='ltr'><strong>desideratur,</strong></span> <span class='ocrx_word' id='word_1_90' title='bbox 864 1120 902 1146; x_wconf 89' lang='lat' dir='ltr'><strong>ut</strong></span> 
     </span>
     <span class='ocr_line' id='line_1_17' title="bbox 271 1161 898 1202; baseline 0 -10"><span class='ocrx_word' id='word_1_91' title='bbox 271 1171 437 1202; x_wconf 85' lang='lat' dir='ltr'>quorsum</span> <span class='ocrx_word' id='word_1_92' title='bbox 467 1161 603 1201; x_wconf 86' lang='lat' dir='ltr'><strong>singula</strong></span> <span class='ocrx_word' id='word_1_93' title='bbox 641 1162 789 1202; x_wconf 91' lang='lat' dir='ltr'><strong>denique</strong></span> <span class='ocrx_word' id='word_1_94' title='bbox 823 1171 898 1202; x_wconf 86' lang='lat' dir='ltr'><strong>spe-</strong></span> 
     </span>
     <span class='ocr_line' id='line_1_18' title="bbox 270 1207 901 1248; baseline -0.002 -10"><span class='ocrx_word' id='word_1_95' title='bbox 270 1212 363 1238; x_wconf 88' lang='lat' dir='ltr'><strong>ctent</strong></span> <span class='ocrx_word' id='word_1_96' title='bbox 387 1212 447 1238; x_wconf 86' lang='lat' dir='ltr'><strong>aut</strong></span> <span class='ocrx_word' id='word_1_97' title='bbox 471 1208 674 1247; x_wconf 88' lang='lat' dir='ltr'><strong>pertineant,</strong></span> <span class='ocrx_word' id='word_1_98' title='bbox 690 1217 792 1248; x_wconf 83' lang='lat' dir='ltr'><strong>saepe</strong></span> <span class='ocrx_word' id='word_1_99' title='bbox 814 1207 901 1237; x_wconf 92' lang='lat' dir='ltr'><strong>mul-</strong></span> 
     </span>
     <span class='ocr_line' id='line_1_19' title="bbox 270 1250 899 1284; baseline 0.002 -1"><span class='ocrx_word' id='word_1_100' title='bbox 270 1258 342 1284; x_wconf 87' lang='lat' dir='ltr'><strong>tum</strong></span> <span class='ocrx_word' id='word_1_101' title='bbox 380 1252 526 1283; x_wconf 85' lang='lat' dir='ltr'><strong>dubites.</strong></span> <span class='ocrx_word' id='word_1_102' title='bbox 589 1250 659 1283; x_wconf 90' lang='lat' dir='ltr'><strong>Sed</strong></span> <span class='ocrx_word' id='word_1_103' title='bbox 699 1258 736 1283; x_wconf 89' lang='lat' dir='ltr'><strong>ut</strong></span> <span class='ocrx_word' id='word_1_104' title='bbox 772 1252 899 1284; x_wconf 85' lang='lat' dir='ltr'><strong>clarius</strong></span> 
     </span>
     <span class='ocr_line' id='line_1_20' title="bbox 270 1297 900 1339; baseline -0.003 -9"><span class='ocrx_word' id='word_1_105' title='bbox 270 1303 458 1339; x_wconf 79' lang='lat' dir='ltr'><strong>appareat,</strong></span> <span class='ocrx_word' id='word_1_106' title='bbox 483 1297 564 1338; x_wconf 87' lang='lat' dir='ltr'><strong>quid</strong></span> <span class='ocrx_word' id='word_1_107' title='bbox 588 1298 638 1328; x_wconf 91' lang='lat' dir='ltr'><strong>rei</strong></span> <span class='ocrx_word' id='word_1_108' title='bbox 665 1298 726 1337; x_wconf 88' lang='lat' dir='ltr'><strong>sit,</strong></span> <span class='ocrx_word' id='word_1_109' title='bbox 752 1307 900 1338; x_wconf 80' lang='lat' dir='ltr'><strong>exposu-</strong></span> 
     </span>
     <span class='ocr_line' id='line_1_21' title="bbox 270 1343 898 1384; baseline 0 -10"><span class='ocrx_word' id='word_1_110' title='bbox 270 1345 340 1375; x_wconf 84' lang='lat' dir='ltr'><strong>isse</strong></span> <span class='ocrx_word' id='word_1_111' title='bbox 363 1343 498 1375; x_wconf 86' lang='lat' dir='ltr'><strong>iuvabit</strong></span> <span class='ocrx_word' id='word_1_112' title='bbox 522 1343 676 1374; x_wconf 85' lang='lat' dir='ltr'><strong>universi</strong></span> <span class='ocrx_word' id='word_1_113' title='bbox 708 1344 774 1374; x_wconf 84' lang='lat' dir='ltr'><strong>loci</strong></span> <span class='ocrx_word' id='word_1_114' title='bbox 798 1352 898 1384; x_wconf 87' lang='lat' dir='ltr'><strong>argu-</strong></span> 
     </span>
     <span class='ocr_line' id='line_1_22' title="bbox 269 1389 901 1430; baseline -0.002 -10"><span class='ocrx_word' id='word_1_115' title='bbox 269 1392 441 1428; x_wconf 83' lang='lat' dir='ltr'><strong>mentum,</strong></span> <span class='ocrx_word' id='word_1_116' title='bbox 470 1389 671 1428; x_wconf 84' lang='lat' dir='ltr'><strong>praesertim</strong></span> <span class='ocrx_word' id='word_1_117' title='bbox 707 1399 811 1430; x_wconf 89' lang='lat' dir='ltr'><strong>quum</strong></span> <span class='ocrx_word' id='word_1_118' title='bbox 851 1389 901 1420; x_wconf 89' lang='lat' dir='ltr'><strong>ita</strong></span> 
     </span>
     <span class='ocr_line' id='line_1_23' title="bbox 268 1434 900 1475; baseline 0 -10"><span class='ocrx_word' id='word_1_119' title='bbox 268 1434 422 1465; x_wconf 80' lang='lat' dir='ltr'><strong>futurum</strong></span> <span class='ocrx_word' id='word_1_120' title='bbox 447 1434 503 1474; x_wconf 89' lang='lat' dir='ltr'><strong>sit,</strong></span> <span class='ocrx_word' id='word_1_121' title='bbox 520 1439 557 1464; x_wconf 82' lang='lat' dir='ltr'><strong>nt</strong></span> <span class='ocrx_word' id='word_1_122' title='bbox 573 1435 687 1466; x_wconf 88' lang='lat' dir='ltr'><strong>verbis</strong></span> <span class='ocrx_word' id='word_1_123' title='bbox 713 1444 900 1475; x_wconf 85' lang='lat' dir='ltr'><strong>sanequam</strong></span> 
     </span>
     <span class='ocr_line' id='line_1_24' title="bbox 269 1479 898 1520; baseline 0 -10"><span class='ocrx_word' id='word_1_124' title='bbox 269 1479 529 1511; x_wconf 83' lang='lat' dir='ltr'><strong>obscurioribus</strong></span> <span class='ocrx_word' id='word_1_125' title='bbox 558 1479 661 1511; x_wconf 89' lang='lat' dir='ltr'><strong>simul</strong></span> <span class='ocrx_word' id='word_1_126' title='bbox 688 1479 822 1520; x_wconf 87' lang='lat' dir='ltr'><strong>aliquid</strong></span> <span class='ocrx_word' id='word_1_127' title='bbox 846 1479 898 1510; x_wconf 92' lang='lat' dir='ltr'><strong>lu-</strong></span> 
     </span>
     <span class='ocr_line' id='line_1_25' title="bbox 269 1524 899 1564; baseline -0.002 -8"><span class='ocrx_word' id='word_1_128' title='bbox 269 1526 317 1556; x_wconf 86' lang='lat' dir='ltr'><strong>cis</strong></span> <span class='ocrx_word' id='word_1_129' title='bbox 330 1524 542 1556; x_wconf 84' lang='lat' dir='ltr'><strong>affundatur.</strong></span> <span class='ocrx_word' id='word_1_130' title='bbox 577 1525 656 1555; x_wconf 83' lang='lat' dir='ltr'><strong>Vult</strong></span> <span class='ocrx_word' id='word_1_131' title='bbox 668 1525 773 1564; x_wconf 88' lang='lat' dir='ltr'><strong>igitur</strong></span> <span class='ocrx_word' id='word_1_132' title='bbox 790 1524 899 1555; x_wconf 87' lang='lat' dir='ltr'><strong>Athe-</strong></span> 
     </span>
     <span class='ocr_line' id='line_1_26' title="bbox 269 1569 899 1601; baseline -0.002 0"><span class='ocrx_word' id='word_1_133' title='bbox 269 1571 400 1601; x_wconf 88' lang='lat' dir='ltr'><strong>niensis</strong></span> <span class='ocrx_word' id='word_1_134' title='bbox 428 1571 464 1600; x_wconf 92' lang='lat' dir='ltr'><strong>in</strong></span> <span class='ocrx_word' id='word_1_135' title='bbox 487 1570 707 1600; x_wconf 83' lang='lat' dir='ltr'><strong>institutione</strong></span> <span class='ocrx_word' id='word_1_136' title='bbox 731 1579 771 1600; x_wconf 90' lang='lat' dir='ltr'><strong>ac</strong></span> <span class='ocrx_word' id='word_1_137' title='bbox 797 1569 899 1600; x_wconf 86' lang='lat' dir='ltr'><strong>disci-</strong></span> 
     </span>
     <span class='ocr_line' id='line_1_27' title="bbox 269 1615 898 1656; baseline -0.003 -10"><span class='ocrx_word' id='word_1_138' title='bbox 269 1616 365 1656; x_wconf 78' lang='lat' dir='ltr'><strong>plina</strong></span> <span class='ocrx_word' id='word_1_139' title='bbox 402 1615 533 1646; x_wconf 91' lang='lat' dir='ltr'><strong>musica</strong></span> <span class='ocrx_word' id='word_1_140' title='bbox 579 1615 758 1655; x_wconf 87' lang='lat' dir='ltr'><strong>utriusque</strong></span> <span class='ocrx_word' id='word_1_141' title='bbox 796 1624 898 1645; x_wconf 88' lang='lat' dir='ltr'><strong>sexus</strong></span> 
     </span>
     <span class='ocr_line' id='line_1_28' title="bbox 268 1659 896 1701; baseline -0.002 -10"><span class='ocrx_word' id='word_1_142' title='bbox 268 1661 410 1701; x_wconf 84' lang='lat' dir='ltr'><strong>ingenia</strong></span> <span class='ocrx_word' id='word_1_143' title='bbox 433 1664 466 1691; x_wconf 90' lang='lat' dir='ltr'><strong>et</strong></span> <span class='ocrx_word' id='word_1_144' title='bbox 483 1669 594 1692; x_wconf 89' lang='lat' dir='ltr'><strong>mores</strong></span> <span class='ocrx_word' id='word_1_145' title='bbox 615 1660 724 1701; x_wconf 84' lang='lat' dir='ltr'><strong>probe</strong></span> <span class='ocrx_word' id='word_1_146' title='bbox 736 1659 896 1691; x_wconf 80' lang='lat' dir='ltr'><strong>discerni.</strong></span> 
     </span>
     <span class='ocr_line' id='line_1_29' title="bbox 265 1704 898 1747; baseline -0.002 -11"><span class='ocrx_word' id='word_1_147' title='bbox 265 1704 377 1743; x_wconf 84' lang='lat' dir='ltr'><strong>Quam</strong></span> <span class='ocrx_word' id='word_1_148' title='bbox 431 1706 569 1746; x_wconf 89' lang='lat' dir='ltr'><strong>quidem</strong></span> <span class='ocrx_word' id='word_1_149' title='bbox 617 1706 898 1747; x_wconf 79' lang='lat' dir='ltr'><strong>praeceptionem</strong></span> 
     </span>
     <span class='ocr_line' id='line_1_30' title="bbox 267 1750 897 1792; baseline -0.002 -10"><span class='ocrx_word' id='word_1_150' title='bbox 267 1761 366 1783; x_wconf 81' lang='lat' dir='ltr'><strong>suam</strong></span> <span class='ocrx_word' id='word_1_151' title='bbox 413 1754 589 1792; x_wconf 86' lang='lat' dir='ltr'><strong>comparat</strong></span> <span class='ocrx_word' id='word_1_152' title='bbox 634 1761 710 1782; x_wconf 91' lang='lat' dir='ltr'><strong>cum</strong></span> <span class='ocrx_word' id='word_1_153' title='bbox 756 1750 897 1790; x_wconf 87' lang='lat' dir='ltr'><strong>negotio</strong></span> 
     </span>
    </p>
   </div>
   <div class='ocr_carea' id='block_1_6' title="bbox 508 795 900 840">
    <p class='ocr_par' dir='ltr' id='par_1_6' title="bbox 508 795 900 840">
     <span class='ocr_line' id='line_1_31' title="bbox 508 795 900 840; baseline 0 -12"><span class='ocrx_word' id='word_1_154' title='bbox 508 795 603 829; x_wconf 79' lang='grc' dir='ltr'><em>οἷον</em></span> <span class='ocrx_word' id='word_1_155' title='bbox 635 797 681 840; x_wconf 82' lang='grc' dir='ltr'><strong>δή</strong></span> <span class='ocrx_word' id='word_1_156' title='bbox 713 806 771 830; x_wconf 73' lang='lat'><strong>115·</strong></span> <span class='ocrx_word' id='word_1_157' title='bbox 807 808 900 828; x_wconf 82' lang='grc' dir='ltr'><em>ναυ-</em></span> 
     </span>
    </p>
   </div>
   <div class='ocr_carea' id='block_1_7' title="bbox 266 1795 938 1837">
    <p class='ocr_par' dir='ltr' id='par_1_7' title="bbox 266 1795 938 1837">
     <span class='ocr_line' id='line_1_32' title="bbox 266 1795 938 1837; baseline -0.001 -10"><span class='ocrx_word' id='word_1_158' title='bbox 266 1798 353 1836; x_wconf 89' lang='lat' dir='ltr'><strong>eius,</strong></span> <span class='ocrx_word' id='word_1_159' title='bbox 379 1797 436 1837; x_wconf 92' lang='lat' dir='ltr'><strong>qui</strong></span> <span class='ocrx_word' id='word_1_160' title='bbox 462 1796 499 1827; x_wconf 90' lang='lat' dir='ltr'><strong>in</strong></span> <span class='ocrx_word' id='word_1_161' title='bbox 524 1795 735 1827; x_wconf 76' lang='lat' dir='ltr'><strong>fabricandis</strong></span> <span class='ocrx_word' id='word_1_162' title='bbox 750 1796 898 1827; x_wconf 87' lang='lat' dir='ltr'><strong>navibus</strong></span> <span class='ocrx_word' id='word_1_163' title='bbox 927 1825 938 1837; x_wconf 75' lang='grc'><strong><em>,</em></strong></span> 
     </span>
    </p>
   </div>
   <div class='ocr_carea' id='block_1_8' title="bbox 263 1841 903 2700">
    <p class='ocr_par' dir='ltr' id='par_1_8' title="bbox 263 1841 903 2700">
     <span class='ocr_line' id='line_1_33' title="bbox 264 1841 897 1883; baseline -0.003 -10"><span class='ocrx_word' id='word_1_164' title='bbox 264 1844 410 1883; x_wconf 85' lang='lat' dir='ltr'><strong>primum</strong></span> <span class='ocrx_word' id='word_1_165' title='bbox 426 1841 686 1872; x_wconf 80' lang='lat' dir='ltr'><strong>fundamentum</strong></span> <span class='ocrx_word' id='word_1_166' title='bbox 710 1851 826 1873; x_wconf 87' lang='lat' dir='ltr'><strong>earum</strong></span> <span class='ocrx_word' id='word_1_167' title='bbox 842 1851 897 1872; x_wconf 90' lang='lat' dir='ltr'><strong>cu-</strong></span> 
     </span>
     <span class='ocr_line' id='line_1_34' title="bbox 265 1887 900 1930; baseline -0.003 -11"><span class='ocrx_word' id='word_1_168' title='bbox 265 1893 334 1930; x_wconf 77' lang='lat' dir='ltr'><strong>ret,</strong></span> <span class='ocrx_word' id='word_1_169' title='bbox 364 1887 494 1918; x_wconf 80' lang='lat' dir='ltr'><strong>formas</strong></span> <span class='ocrx_word' id='word_1_170' title='bbox 526 1887 724 1926; x_wconf 83' lang='lat' dir='ltr'><strong>adumbret,</strong></span> <span class='ocrx_word' id='word_1_171' title='bbox 750 1892 784 1918; x_wconf 87' lang='lat' dir='ltr'><strong>et</strong></span> <span class='ocrx_word' id='word_1_172' title='bbox 813 1887 900 1917; x_wconf 89' lang='lat' dir='ltr'><strong>cari-</strong></span> 
     </span>
     <span class='ocr_line' id='line_1_35' title="bbox 265 1931 899 1974; baseline -0.006 -9"><span class='ocrx_word' id='word_1_173' title='bbox 265 1943 344 1965; x_wconf 89' lang='lat' dir='ltr'><strong>nam</strong></span> <span class='ocrx_word' id='word_1_174' title='bbox 383 1933 554 1964; x_wconf 81' lang='lat' dir='ltr'><strong>subiiciat.</strong></span> <span class='ocrx_word' id='word_1_175' title='bbox 618 1931 755 1974; x_wconf 86' lang='lat' dir='ltr'><strong>Quippe</strong></span> <span class='ocrx_word' id='word_1_176' title='bbox 799 1932 899 1962; x_wconf 89' lang='lat' dir='ltr'><strong>sicuti</strong></span> 
     </span>
     <span class='ocr_line' id='line_1_36' title="bbox 265 1977 903 2018; baseline -0.003 -8"><span class='ocrx_word' id='word_1_177' title='bbox 265 1979 366 2010; x_wconf 86' lang='lat' dir='ltr'><strong>navis</strong></span> <span class='ocrx_word' id='word_1_178' title='bbox 391 1979 465 2010; x_wconf 90' lang='lat' dir='ltr'><strong>sine</strong></span> <span class='ocrx_word' id='word_1_179' title='bbox 491 1977 544 2009; x_wconf 85' lang='lat' dir='ltr'><strong>his</strong></span> <span class='ocrx_word' id='word_1_180' title='bbox 570 1978 673 2009; x_wconf 83' lang='lat' dir='ltr'><strong>rebus</strong></span> <span class='ocrx_word' id='word_1_181' title='bbox 697 1988 767 2009; x_wconf 90' lang='lat' dir='ltr'><strong>non</strong></span> <span class='ocrx_word' id='word_1_182' title='bbox 792 1977 903 2018; x_wconf 84' lang='lat' dir='ltr'><strong>possit</strong></span> 
     </span>
     <span class='ocr_line' id='line_1_37' title="bbox 263 2023 900 2063; baseline -0.002 -8"><span class='ocrx_word' id='word_1_183' title='bbox 263 2025 300 2055; x_wconf 91' lang='lat' dir='ltr'><strong>in</strong></span> <span class='ocrx_word' id='word_1_184' title='bbox 333 2034 427 2055; x_wconf 91' lang='lat' dir='ltr'><strong>mare</strong></span> <span class='ocrx_word' id='word_1_185' title='bbox 457 2023 597 2062; x_wconf 87' lang='lat' dir='ltr'><strong>deduci,</strong></span> <span class='ocrx_word' id='word_1_186' title='bbox 624 2024 674 2055; x_wconf 84' lang='lat' dir='ltr'><strong>ita</strong></span> <span class='ocrx_word' id='word_1_187' title='bbox 706 2034 782 2055; x_wconf 88' lang='lat' dir='ltr'><strong>eum</strong></span> <span class='ocrx_word' id='word_1_188' title='bbox 801 2045 809 2060; x_wconf 87' lang='lat'><strong>‚</strong></span> <span class='ocrx_word' id='word_1_189' title='bbox 841 2024 900 2063; x_wconf 86' lang='lat' dir='ltr'><strong>qui</strong></span> 
     </span>
     <span class='ocr_line' id='line_1_38' title="bbox 265 2068 898 2109; baseline -0.003 -9"><span class='ocrx_word' id='word_1_190' title='bbox 265 2070 308 2101; x_wconf 89' lang='lat' dir='ltr'><strong>de</strong></span> <span class='ocrx_word' id='word_1_191' title='bbox 333 2070 470 2101; x_wconf 88' lang='lat' dir='ltr'><strong>musicis</strong></span> <span class='ocrx_word' id='word_1_192' title='bbox 500 2069 769 2109; x_wconf 84' lang='lat' dir='ltr'><strong>disputationem</strong></span> <span class='ocrx_word' id='word_1_193' title='bbox 800 2068 898 2099; x_wconf 89' lang='lat' dir='ltr'><strong>insti-</strong></span> 
     </span>
     <span class='ocr_line' id='line_1_39' title="bbox 264 2114 898 2155; baseline -0.002 -9"><span class='ocrx_word' id='word_1_194' title='bbox 264 2119 362 2154; x_wconf 89' lang='lat' dir='ltr'><strong>tuat,</strong></span> <span class='ocrx_word' id='word_1_195' title='bbox 393 2115 435 2146; x_wconf 89' lang='lat' dir='ltr'><strong>de</strong></span> <span class='ocrx_word' id='word_1_196' title='bbox 460 2115 504 2146; x_wconf 86' lang='lat' dir='ltr'><strong>iis</strong></span> <span class='ocrx_word' id='word_1_197' title='bbox 527 2114 629 2145; x_wconf 88' lang='lat' dir='ltr'><strong>rebus</strong></span> <span class='ocrx_word' id='word_1_198' title='bbox 655 2124 820 2155; x_wconf 82' lang='lat' dir='ltr'><strong>quaerere</strong></span> <span class='ocrx_word' id='word_1_199' title='bbox 844 2123 898 2144; x_wconf 86' lang='lat' dir='ltr'><strong>ar·</strong></span> 
     </span>
     <span class='ocr_line' id='line_1_40' title="bbox 267 2159 898 2201; baseline -0.002 -11"><span class='ocrx_word' id='word_1_200' title='bbox 267 2161 433 2201; x_wconf 86' lang='lat' dir='ltr'><strong>bitratur,</strong></span> <span class='ocrx_word' id='word_1_201' title='bbox 457 2169 545 2200; x_wconf 88' lang='lat' dir='ltr'><strong>quae</strong></span> <span class='ocrx_word' id='word_1_202' title='bbox 575 2159 619 2190; x_wconf 83' lang='lat' dir='ltr'><strong>ad</strong></span> <span class='ocrx_word' id='word_1_203' title='bbox 643 2169 780 2191; x_wconf 90' lang='lat' dir='ltr'><strong>cursum</strong></span> <span class='ocrx_word' id='word_1_204' title='bbox 807 2159 898 2190; x_wconf 85' lang='lat' dir='ltr'><strong>vitae</strong></span> 
     </span>
     <span class='ocr_line' id='line_1_41' title="bbox 266 2204 898 2237; baseline -0.005 0"><span class='ocrx_word' id='word_1_205' title='bbox 266 2206 414 2237; x_wconf 78' lang='lat' dir='ltr'><strong>feliciter</strong></span> <span class='ocrx_word' id='word_1_206' title='bbox 448 2205 503 2236; x_wconf 86' lang='lat' dir='ltr'><strong>vel</strong></span> <span class='ocrx_word' id='word_1_207' title='bbox 552 2205 804 2236; x_wconf 88' lang='lat' dir='ltr'><strong>instituendum</strong></span> <span class='ocrx_word' id='word_1_208' title='bbox 843 2204 898 2235; x_wconf 91' lang='lat' dir='ltr'><strong>vel</strong></span> 
     </span>
     <span class='ocr_line' id='line_1_42' title="bbox 266 2250 895 2292; baseline -0.002 -11"><span class='ocrx_word' id='word_1_209' title='bbox 266 2250 542 2292; x_wconf 85' lang='lat' dir='ltr'><strong>persequendum</strong></span> <span class='ocrx_word' id='word_1_210' title='bbox 554 2250 738 2291; x_wconf 88' lang='lat' dir='ltr'><strong>plurimum</strong></span> <span class='ocrx_word' id='word_1_211' title='bbox 745 2250 895 2281; x_wconf 81' lang='lat' dir='ltr'><strong>valeant.</strong></span> 
     </span>
     <span class='ocr_line' id='line_1_43' title="bbox 267 2295 897 2336; baseline -0.002 -9"><span class='ocrx_word' id='word_1_212' title='bbox 267 2295 401 2334; x_wconf 83' lang='lat' dir='ltr'><strong>Quibus</strong></span> <span class='ocrx_word' id='word_1_213' title='bbox 426 2295 606 2336; x_wconf 79' lang='lat' dir='ltr'><strong>explicatis</strong></span> <span class='ocrx_word' id='word_1_214' title='bbox 631 2297 793 2327; x_wconf 83' lang='lat' dir='ltr'><strong>universe</strong></span> <span class='ocrx_word' id='word_1_215' title='bbox 817 2295 897 2326; x_wconf 89' lang='lat' dir='ltr'><strong>sub-</strong></span> 
     </span>
     <span class='ocr_line' id='line_1_44' title="bbox 267 2340 897 2386; baseline 0 -14"><span class='ocrx_word' id='word_1_216' title='bbox 267 2342 381 2382; x_wconf 85' lang='lat' dir='ltr'><strong>iungit</strong></span> <span class='ocrx_word' id='word_1_217' title='bbox 411 2340 483 2386; x_wconf 81' lang='lat' dir='ltr'><strong>fere</strong></span> <span class='ocrx_word' id='word_1_218' title='bbox 517 2340 615 2372; x_wconf 85' lang='lat' dir='ltr'><strong>haec.</strong></span> <span class='ocrx_word' id='word_1_219' title='bbox 671 2340 897 2382; x_wconf 77' lang='lat' dir='ltr'><strong>Quamquam,</strong></span> 
     </span>
     <span class='ocr_line' id='line_1_45' title="bbox 266 2386 898 2428; baseline -0.005 -9"><span class='ocrx_word' id='word_1_220' title='bbox 266 2387 392 2428; x_wconf 87' lang='lat' dir='ltr'><strong>inquit,</strong></span> <span class='ocrx_word' id='word_1_221' title='bbox 416 2396 471 2418; x_wconf 92' lang='lat' dir='ltr'><strong>res</strong></span> <span class='ocrx_word' id='word_1_222' title='bbox 494 2386 666 2418; x_wconf 88' lang='lat' dir='ltr'><strong>humanae</strong></span> <span class='ocrx_word' id='word_1_223' title='bbox 695 2391 790 2417; x_wconf 86' lang='lat' dir='ltr'><strong>tanta</strong></span> <span class='ocrx_word' id='word_1_224' title='bbox 815 2396 898 2417; x_wconf 87' lang='lat' dir='ltr'><strong>cura</strong></span> 
     </span>
     <span class='ocr_line' id='line_1_46' title="bbox 266 2431 898 2474; baseline -0.005 -10"><span class='ocrx_word' id='word_1_225' title='bbox 266 2432 535 2474; x_wconf 81' lang='lat' dir='ltr'><strong>haudquaquam</strong></span> <span class='ocrx_word' id='word_1_226' title='bbox 560 2433 685 2473; x_wconf 88' lang='lat' dir='ltr'><strong>dignae</strong></span> <span class='ocrx_word' id='word_1_227' title='bbox 710 2436 800 2463; x_wconf 91' lang='lat' dir='ltr'><strong>sunt.</strong></span> <span class='ocrx_word' id='word_1_228' title='bbox 828 2431 898 2462; x_wconf 87' lang='lat' dir='ltr'><strong>Sed</strong></span> 
     </span>
     <span class='ocr_line' id='line_1_47' title="bbox 267 2478 900 2516; baseline -0.003 -7"><span class='ocrx_word' id='word_1_229' title='bbox 267 2483 320 2510; x_wconf 85' lang='lat' dir='ltr'><strong>est</strong></span> <span class='ocrx_word' id='word_1_230' title='bbox 339 2478 425 2510; x_wconf 87' lang='lat' dir='ltr'><strong>haec</strong></span> <span class='ocrx_word' id='word_1_231' title='bbox 445 2478 535 2508; x_wconf 88' lang='lat' dir='ltr'><strong>vitae</strong></span> <span class='ocrx_word' id='word_1_232' title='bbox 558 2483 699 2509; x_wconf 83' lang='lat' dir='ltr'><strong>nostrae</strong></span> <span class='ocrx_word' id='word_1_233' title='bbox 723 2478 813 2509; x_wconf 84' lang='lat' dir='ltr'><strong>ratio</strong></span> <span class='ocrx_word' id='word_1_234' title='bbox 827 2501 836 2516; x_wconf 98' lang='lat'><strong>,</strong></span> <span class='ocrx_word' id='word_1_235' title='bbox 862 2482 900 2507; x_wconf 88' lang='lat' dir='ltr'><strong>ut</strong></span> 
     </span>
     <span class='ocr_line' id='line_1_48' title="bbox 267 2523 898 2565; baseline -0.006 -9"><span class='ocrx_word' id='word_1_236' title='bbox 267 2524 311 2556; x_wconf 85' lang='lat' dir='ltr'><strong>iis</strong></span> <span class='ocrx_word' id='word_1_237' title='bbox 341 2523 461 2565; x_wconf 90' lang='lat' dir='ltr'><strong>utique</strong></span> <span class='ocrx_word' id='word_1_238' title='bbox 495 2523 605 2554; x_wconf 84' lang='lat' dir='ltr'><strong>maius</strong></span> <span class='ocrx_word' id='word_1_239' title='bbox 631 2523 806 2564; x_wconf 77' lang='lat' dir='ltr'><strong>quoddam</strong></span> <span class='ocrx_word' id='word_1_240' title='bbox 830 2526 898 2553; x_wconf 88' lang='lat' dir='ltr'><strong>stu-</strong></span> 
     </span>
     <span class='ocr_line' id='line_1_49' title="bbox 268 2569 899 2610; baseline -0.002 -10"><span class='ocrx_word' id='word_1_241' title='bbox 268 2569 383 2608; x_wconf 90' lang='lat' dir='ltr'><strong>dium,</strong></span> <span class='ocrx_word' id='word_1_242' title='bbox 448 2569 604 2610; x_wconf 82' lang='lat' dir='ltr'><strong>quamvis</strong></span> <span class='ocrx_word' id='word_1_243' title='bbox 656 2577 899 2603; x_wconf 84' lang='lat' dir='ltr'><strong>aerumnosum</strong></span> 
     </span>
     <span class='ocr_line' id='line_1_50' title="bbox 268 2614 902 2656; baseline -0.002 -11"><span class='ocrx_word' id='word_1_244' title='bbox 268 2614 354 2645; x_wconf 90' lang='lat' dir='ltr'><strong>illud</strong></span> <span class='ocrx_word' id='word_1_245' title='bbox 381 2615 445 2645; x_wconf 85' lang='lat' dir='ltr'><strong>nec</strong></span> <span class='ocrx_word' id='word_1_246' title='bbox 469 2614 541 2646; x_wconf 86' lang='lat' dir='ltr'><strong>ulla</strong></span> <span class='ocrx_word' id='word_1_247' title='bbox 565 2624 607 2645; x_wconf 85' lang='lat' dir='ltr'><strong>ex</strong></span> <span class='ocrx_word' id='word_1_248' title='bbox 632 2618 730 2656; x_wconf 86' lang='lat' dir='ltr'><strong>parte</strong></span> <span class='ocrx_word' id='word_1_249' title='bbox 749 2614 902 2652; x_wconf 84' lang='lat' dir='ltr'><strong>beatum,</strong></span> 
     </span>
     <span class='ocr_line' id='line_1_51' title="bbox 269 2659 899 2700; baseline 0 -11"><span class='ocrx_word' id='word_1_250' title='bbox 269 2659 534 2700; x_wconf 84' lang='lat' dir='ltr'><strong>impendendum</strong></span> <span class='ocrx_word' id='word_1_251' title='bbox 560 2660 615 2692; x_wconf 84' lang='lat' dir='ltr'><strong>sit.</strong></span> <span class='ocrx_word' id='word_1_252' title='bbox 653 2659 824 2692; x_wconf 84' lang='lat' dir='ltr'><strong>Nimirum</strong></span> <span class='ocrx_word' id='word_1_253' title='bbox 849 2668 899 2690; x_wconf 86' lang='lat' dir='ltr'><strong>se-</strong></span> 
     </span>
    </p>
   </div>
   <div class='ocr_carea' id='block_1_9' title="bbox 962 799 1597 2689">
    <p class='ocr_par' dir='ltr' id='par_1_9' title="bbox 962 799 1597 2689">
     <span class='ocr_line' id='line_1_52' title="bbox 966 799 1597 841; baseline 0.01 -13"><span class='ocrx_word' id='word_1_254' title='bbox 966 799 1039 829; x_wconf 86' lang='lat' dir='ltr'><strong>riae</strong></span> <span class='ocrx_word' id='word_1_255' title='bbox 1073 802 1206 830; x_wconf 87' lang='lat' dir='ltr'><strong>tantum</strong></span> <span class='ocrx_word' id='word_1_256' title='bbox 1234 809 1290 832; x_wconf 89' lang='lat' dir='ltr'><strong>res</strong></span> <span class='ocrx_word' id='word_1_257' title='bbox 1320 801 1412 831; x_wconf 89' lang='lat' dir='ltr'><strong>serio</strong></span> <span class='ocrx_word' id='word_1_258' title='bbox 1443 801 1597 841; x_wconf 80' lang='lat' dir='ltr'><strong>agendae</strong></span> 
     </span>
     <span class='ocr_line' id='line_1_53' title="bbox 966 845 1594 878; baseline 0.006 -4"><span class='ocrx_word' id='word_1_259' title='bbox 966 853 1005 874; x_wconf 89' lang='lat' dir='ltr'><strong>ac</strong></span> <span class='ocrx_word' id='word_1_260' title='bbox 1036 845 1235 875; x_wconf 84' lang='lat' dir='ltr'><strong>tractandae</strong></span> <span class='ocrx_word' id='word_1_261' title='bbox 1268 850 1358 877; x_wconf 90' lang='lat' dir='ltr'><strong>sunt.</strong></span> <span class='ocrx_word' id='word_1_262' title='bbox 1406 845 1503 877; x_wconf 91' lang='lat' dir='ltr'><strong>Nihil</strong></span> <span class='ocrx_word' id='word_1_263' title='bbox 1535 857 1594 878; x_wconf 86' lang='lat' dir='ltr'><strong>au·</strong></span> 
     </span>
     <span class='ocr_line' id='line_1_54' title="bbox 965 890 1594 932; baseline 0.003 -12"><span class='ocrx_word' id='word_1_264' title='bbox 965 893 1034 920; x_wconf 87' lang='lat' dir='ltr'><strong>tem</strong></span> <span class='ocrx_word' id='word_1_265' title='bbox 1066 894 1136 928; x_wconf 87' lang='lat' dir='ltr'><strong>est,</strong></span> <span class='ocrx_word' id='word_1_266' title='bbox 1171 890 1265 930; x_wconf 84' lang='lat' dir='ltr'><strong>quod</strong></span> <span class='ocrx_word' id='word_1_267' title='bbox 1294 892 1424 922; x_wconf 82' lang='lat' dir='ltr'><strong>maiore</strong></span> <span class='ocrx_word' id='word_1_268' title='bbox 1454 892 1594 932; x_wconf 84' lang='lat' dir='ltr'><strong>dignum</strong></span> 
     </span>
     <span class='ocr_line' id='line_1_55' title="bbox 965 935 1595 977; baseline 0.006 -13"><span class='ocrx_word' id='word_1_269' title='bbox 965 935 1012 965; x_wconf 88' lang='lat' dir='ltr'><strong>sit</strong></span> <span class='ocrx_word' id='word_1_270' title='bbox 1035 935 1161 973; x_wconf 89' lang='lat' dir='ltr'><strong>studio,</strong></span> <span class='ocrx_word' id='word_1_271' title='bbox 1182 945 1284 975; x_wconf 89' lang='lat' dir='ltr'><strong>quam</strong></span> <span class='ocrx_word' id='word_1_272' title='bbox 1302 936 1466 975; x_wconf 86' lang='lat' dir='ltr'><strong>Deus,ad</strong></span> <span class='ocrx_word' id='word_1_273' title='bbox 1494 946 1595 977; x_wconf 91' lang='lat' dir='ltr'><strong>quem</strong></span> 
     </span>
     <span class='ocr_line' id='line_1_56' title="bbox 966 980 1594 1023; baseline 0.003 -13"><span class='ocrx_word' id='word_1_274' title='bbox 966 980 1154 1020; x_wconf 88' lang='lat' dir='ltr'><strong>comparati</strong></span> <span class='ocrx_word' id='word_1_275' title='bbox 1179 981 1335 1013; x_wconf 90' lang='lat' dir='ltr'><strong>homines</strong></span> <span class='ocrx_word' id='word_1_276' title='bbox 1368 981 1455 1012; x_wconf 88' lang='lat' dir='ltr'><strong>nihil</strong></span> <span class='ocrx_word' id='word_1_277' title='bbox 1478 982 1594 1023; x_wconf 85' lang='lat' dir='ltr'><strong>profe-</strong></span> 
     </span>
     <span class='ocr_line' id='line_1_57' title="bbox 967 1025 1595 1067; baseline 0.005 -12"><span class='ocrx_word' id='word_1_278' title='bbox 967 1029 1022 1056; x_wconf 89' lang='lat' dir='ltr'><strong>cto</strong></span> <span class='ocrx_word' id='word_1_279' title='bbox 1048 1025 1174 1055; x_wconf 86' lang='lat' dir='ltr'><strong>habere</strong></span> <span class='ocrx_word' id='word_1_280' title='bbox 1201 1026 1310 1057; x_wconf 91' lang='lat' dir='ltr'><strong>videri</strong></span> <span class='ocrx_word' id='word_1_281' title='bbox 1336 1026 1475 1066; x_wconf 86' lang='lat' dir='ltr'><strong>debent,</strong></span> <span class='ocrx_word' id='word_1_282' title='bbox 1501 1028 1595 1067; x_wconf 88' lang='lat' dir='ltr'><strong>quod</strong></span> 
     </span>
     <span class='ocr_line' id='line_1_58' title="bbox 967 1070 1592 1111; baseline 0.002 -9"><span class='ocrx_word' id='word_1_283' title='bbox 967 1070 1157 1102; x_wconf 87' lang='lat' dir='ltr'><strong>studiosius</strong></span> <span class='ocrx_word' id='word_1_284' title='bbox 1182 1071 1228 1101; x_wconf 90' lang='lat' dir='ltr'><strong>sit</strong></span> <span class='ocrx_word' id='word_1_285' title='bbox 1251 1073 1450 1111; x_wconf 88' lang='lat' dir='ltr'><strong>curandum,</strong></span> <span class='ocrx_word' id='word_1_286' title='bbox 1474 1082 1514 1104; x_wconf 90' lang='lat' dir='ltr'><strong>ac</strong></span> <span class='ocrx_word' id='word_1_287' title='bbox 1538 1082 1592 1103; x_wconf 84' lang='lat' dir='ltr'><strong>ve·</strong></span> 
     </span>
     <span class='ocr_line' id='line_1_59' title="bbox 966 1115 1594 1149; baseline 0.005 -3"><span class='ocrx_word' id='word_1_288' title='bbox 966 1116 1101 1147; x_wconf 75' lang='lat' dir='ltr'><strong>tissime</strong></span> <span class='ocrx_word' id='word_1_289' title='bbox 1134 1115 1289 1148; x_wconf 86' lang='lat' dir='ltr'><strong>videmur</strong></span> <span class='ocrx_word' id='word_1_290' title='bbox 1323 1122 1426 1149; x_wconf 87' lang='lat' dir='ltr'><strong>antea</strong></span> <span class='ocrx_word' id='word_1_291' title='bbox 1463 1118 1594 1149; x_wconf 90' lang='lat' dir='ltr'><strong>iudica·</strong></span> 
     </span>
     <span class='ocr_line' id='line_1_60' title="bbox 967 1161 1594 1204; baseline 0.005 -13"><span class='ocrx_word' id='word_1_292' title='bbox 967 1162 1077 1200; x_wconf 86' lang='lat' dir='ltr'><strong>visse,</strong></span> <span class='ocrx_word' id='word_1_293' title='bbox 1113 1161 1269 1193; x_wconf 86' lang='lat' dir='ltr'><strong>homines</strong></span> <span class='ocrx_word' id='word_1_294' title='bbox 1313 1169 1387 1194; x_wconf 84' lang='lat' dir='ltr'><strong>esse</strong></span> <span class='ocrx_word' id='word_1_295' title='bbox 1433 1166 1594 1204; x_wconf 84' lang='lat' dir='ltr'><strong>tanquam</strong></span> 
     </span>
     <span class='ocr_line' id='line_1_61' title="bbox 966 1206 1595 1249; baseline 0.006 -13"><span class='ocrx_word' id='word_1_296' title='bbox 966 1206 1116 1237; x_wconf 85' lang='lat' dir='ltr'><strong>ludibria</strong></span> <span class='ocrx_word' id='word_1_297' title='bbox 1153 1207 1307 1238; x_wconf 86' lang='lat' dir='ltr'><strong>deorum.</strong></span> <span class='ocrx_word' id='word_1_298' title='bbox 1372 1207 1450 1239; x_wconf 84' lang='lat' dir='ltr'><strong>Hoc</strong></span> <span class='ocrx_word' id='word_1_299' title='bbox 1482 1209 1595 1249; x_wconf 85' lang='lat' dir='ltr'><strong>ipsum</strong></span> 
     </span>
     <span class='ocr_line' id='line_1_62' title="bbox 965 1252 1591 1294; baseline 0.002 -10"><span class='ocrx_word' id='word_1_300' title='bbox 965 1257 1078 1284; x_wconf 87' lang='lat' dir='ltr'><strong>autem</strong></span> <span class='ocrx_word' id='word_1_301' title='bbox 1103 1252 1138 1282; x_wconf 91' lang='lat' dir='ltr'><strong>iu</strong></span> <span class='ocrx_word' id='word_1_302' title='bbox 1163 1253 1224 1292; x_wconf 90' lang='lat' dir='ltr'><strong>iis,</strong></span> <span class='ocrx_word' id='word_1_303' title='bbox 1249 1253 1277 1284; x_wconf 89' lang='lat' dir='ltr'><strong>si</strong></span> <span class='ocrx_word' id='word_1_304' title='bbox 1313 1263 1430 1284; x_wconf 89' lang='lat' dir='ltr'><strong>verum</strong></span> <span class='ocrx_word' id='word_1_305' title='bbox 1455 1255 1591 1294; x_wconf 86' lang='lat' dir='ltr'><strong>quaeri-</strong></span> 
     </span>
     <span class='ocr_line' id='line_1_63' title="bbox 964 1299 1594 1338; baseline 0.003 -10"><span class='ocrx_word' id='word_1_306' title='bbox 964 1307 1057 1336; x_wconf 86' lang='lat' dir='ltr'><strong>mus,</strong></span> <span class='ocrx_word' id='word_1_307' title='bbox 1106 1299 1271 1338; x_wconf 86' lang='lat' dir='ltr'><strong>0ptimum</strong></span> <span class='ocrx_word' id='word_1_308' title='bbox 1311 1299 1412 1330; x_wconf 89' lang='lat' dir='ltr'><strong>debet</strong></span> <span class='ocrx_word' id='word_1_309' title='bbox 1450 1301 1594 1331; x_wconf 83' lang='lat' dir='ltr'><strong>censeri.</strong></span> 
     </span>
     <span class='ocr_line' id='line_1_64' title="bbox 965 1341 1594 1380; baseline 0.003 -7"><span class='ocrx_word' id='word_1_310' title='bbox 965 1341 1100 1380; x_wconf 85' lang='lat' dir='ltr'><strong>Quodsi</strong></span> <span class='ocrx_word' id='word_1_311' title='bbox 1124 1353 1206 1374; x_wconf 85' lang='lat' dir='ltr'><strong>vero</strong></span> <span class='ocrx_word' id='word_1_312' title='bbox 1231 1343 1316 1375; x_wconf 88' lang='lat' dir='ltr'><strong>haec</strong></span> <span class='ocrx_word' id='word_1_313' title='bbox 1344 1353 1463 1375; x_wconf 88' lang='lat' dir='ltr'><strong>eorum</strong></span> <span class='ocrx_word' id='word_1_314' title='bbox 1494 1350 1594 1376; x_wconf 87' lang='lat' dir='ltr'><strong>natu·</strong></span> 
     </span>
     <span class='ocr_line' id='line_1_65' title="bbox 965 1389 1593 1431; baseline 0 -11"><span class='ocrx_word' id='word_1_315' title='bbox 965 1398 1005 1420; x_wconf 86' lang='lat' dir='ltr'><strong>ra</strong></span> <span class='ocrx_word' id='word_1_316' title='bbox 1034 1392 1105 1427; x_wconf 89' lang='lat' dir='ltr'><strong>est,</strong></span> <span class='ocrx_word' id='word_1_317' title='bbox 1137 1398 1200 1429; x_wconf 92' lang='lat' dir='ltr'><strong>pro</strong></span> <span class='ocrx_word' id='word_1_318' title='bbox 1240 1389 1313 1420; x_wconf 89' lang='lat' dir='ltr'><strong>eius</strong></span> <span class='ocrx_word' id='word_1_319' title='bbox 1352 1389 1469 1420; x_wconf 87' lang='lat' dir='ltr'><strong>indole</strong></span> <span class='ocrx_word' id='word_1_320' title='bbox 1507 1390 1593 1431; x_wconf 87' lang='lat' dir='ltr'><strong>ipsis</strong></span> 
     </span>
     <span class='ocr_line' id='line_1_66' title="bbox 965 1434 1593 1475; baseline 0 -11"><span class='ocrx_word' id='word_1_321' title='bbox 965 1443 1099 1474; x_wconf 88' lang='lat' dir='ltr'><strong>semper</strong></span> <span class='ocrx_word' id='word_1_322' title='bbox 1135 1434 1202 1465; x_wconf 88' lang='lat' dir='ltr'><strong>hoc</strong></span> <span class='ocrx_word' id='word_1_323' title='bbox 1237 1435 1302 1465; x_wconf 84' lang='lat' dir='ltr'><strong>erit</strong></span> <span class='ocrx_word' id='word_1_324' title='bbox 1333 1435 1521 1475; x_wconf 86' lang='lat' dir='ltr'><strong>agendum,</strong></span> <span class='ocrx_word' id='word_1_325' title='bbox 1555 1439 1593 1465; x_wconf 87' lang='lat' dir='ltr'><strong>ut</strong></span> 
     </span>
     <span class='ocr_line' id='line_1_67' title="bbox 965 1479 1593 1511; baseline 0.002 -1"><span class='ocrx_word' id='word_1_326' title='bbox 965 1479 1160 1510; x_wconf 88' lang='lat' dir='ltr'><strong>universam</strong></span> <span class='ocrx_word' id='word_1_327' title='bbox 1207 1479 1313 1510; x_wconf 87' lang='lat' dir='ltr'><strong>vitam</strong></span> <span class='ocrx_word' id='word_1_328' title='bbox 1361 1489 1457 1511; x_wconf 87' lang='lat' dir='ltr'><strong>suam</strong></span> <span class='ocrx_word' id='word_1_329' title='bbox 1503 1480 1593 1511; x_wconf 84' lang='lat' dir='ltr'><strong>ludis</strong></span> 
     </span>
     <span class='ocr_line' id='line_1_68' title="bbox 965 1525 1593 1567; baseline 0.003 -13"><span class='ocrx_word' id='word_1_330' title='bbox 965 1534 1066 1565; x_wconf 85' lang='lat' dir='ltr'><strong>quam</strong></span> <span class='ocrx_word' id='word_1_331' title='bbox 1094 1525 1305 1564; x_wconf 87' lang='lat' dir='ltr'><strong>pulcerrimis</strong></span> <span class='ocrx_word' id='word_1_332' title='bbox 1321 1530 1476 1556; x_wconf 85' lang='lat' dir='ltr'><strong>ornatam</strong></span> <span class='ocrx_word' id='word_1_333' title='bbox 1494 1535 1593 1567; x_wconf 87' lang='lat' dir='ltr'><strong>pera-</strong></span> 
     </span>
     <span class='ocr_line' id='line_1_69' title="bbox 965 1571 1593 1610; baseline 0.003 -10"><span class='ocrx_word' id='word_1_334' title='bbox 965 1574 1067 1609; x_wconf 88' lang='lat' dir='ltr'><strong>gant,</strong></span> <span class='ocrx_word' id='word_1_335' title='bbox 1097 1575 1219 1600; x_wconf 89' lang='lat' dir='ltr'><strong>contra</strong></span> <span class='ocrx_word' id='word_1_336' title='bbox 1251 1580 1354 1610; x_wconf 90' lang='lat' dir='ltr'><strong>quam</strong></span> <span class='ocrx_word' id='word_1_337' title='bbox 1391 1580 1484 1601; x_wconf 83' lang='lat' dir='ltr'><strong>nunc</strong></span> <span class='ocrx_word' id='word_1_338' title='bbox 1519 1571 1593 1602; x_wconf 84' lang='lat' dir='ltr'><strong>fieri</strong></span> 
     </span>
     <span class='ocr_line' id='line_1_70' title="bbox 964 1614 1593 1647; baseline 0.003 -2"><span class='ocrx_word' id='word_1_339' title='bbox 964 1614 1104 1645; x_wconf 89' lang='lat' dir='ltr'><strong>assolet.</strong></span> <span class='ocrx_word' id='word_1_340' title='bbox 1166 1614 1268 1645; x_wconf 89' lang='lat' dir='ltr'><strong>Nunc</strong></span> <span class='ocrx_word' id='word_1_341' title='bbox 1309 1616 1399 1646; x_wconf 87' lang='lat' dir='ltr'><strong>enim</strong></span> <span class='ocrx_word' id='word_1_342' title='bbox 1437 1616 1593 1647; x_wconf 89' lang='lat' dir='ltr'><strong>homines</strong></span> 
     </span>
     <span class='ocr_line' id='line_1_71' title="bbox 965 1659 1594 1700; baseline 0.005 -11"><span class='ocrx_word' id='word_1_343' title='bbox 965 1659 1069 1699; x_wconf 86' lang='lat' dir='ltr'><strong>vulgo</strong></span> <span class='ocrx_word' id='word_1_344' title='bbox 1101 1663 1240 1699; x_wconf 86' lang='lat' dir='ltr'><strong>putant,</strong></span> <span class='ocrx_word' id='word_1_345' title='bbox 1265 1660 1366 1691; x_wconf 89' lang='lat' dir='ltr'><strong>ludos</strong></span> <span class='ocrx_word' id='word_1_346' title='bbox 1396 1669 1466 1690; x_wconf 91' lang='lat' dir='ltr'><strong>non</strong></span> <span class='ocrx_word' id='word_1_347' title='bbox 1491 1671 1594 1700; x_wconf 74' lang='lat' dir='ltr'><strong>posse</strong></span> 
     </span>
     <span class='ocr_line' id='line_1_72' title="bbox 964 1705 1593 1746; baseline 0.002 -11"><span class='ocrx_word' id='word_1_348' title='bbox 964 1705 1056 1735; x_wconf 91' lang='lat' dir='ltr'><strong>serio</strong></span> <span class='ocrx_word' id='word_1_349' title='bbox 1082 1714 1198 1735; x_wconf 82' lang='lat' dir='ltr'><strong>carere</strong></span> <span class='ocrx_word' id='word_1_350' title='bbox 1231 1705 1346 1736; x_wconf 89' lang='lat' dir='ltr'><strong>studio</strong></span> <span class='ocrx_word' id='word_1_351' title='bbox 1369 1709 1474 1746; x_wconf 89' lang='lat' dir='ltr'><strong>atque</strong></span> <span class='ocrx_word' id='word_1_352' title='bbox 1494 1706 1593 1736; x_wconf 89' lang='lat' dir='ltr'><strong>ludo-</strong></span> 
     </span>
     <span class='ocr_line' id='line_1_73' title="bbox 963 1750 1592 1782; baseline 0.002 -1"><span class='ocrx_word' id='word_1_353' title='bbox 963 1759 1037 1781; x_wconf 89' lang='lat' dir='ltr'><strong>rum</strong></span> <span class='ocrx_word' id='word_1_354' title='bbox 1062 1759 1184 1781; x_wconf 85' lang='lat' dir='ltr'><strong>caussa</strong></span> <span class='ocrx_word' id='word_1_355' title='bbox 1207 1750 1298 1781; x_wconf 86' lang='lat' dir='ltr'><strong>seria</strong></span> <span class='ocrx_word' id='word_1_356' title='bbox 1319 1760 1395 1781; x_wconf 86' lang='lat' dir='ltr'><strong>esse</strong></span> <span class='ocrx_word' id='word_1_357' title='bbox 1410 1752 1592 1782; x_wconf 81' lang='lat' dir='ltr'><strong>tractanda</strong></span> 
     </span>
     <span class='ocr_line' id='line_1_74' title="bbox 965 1795 1592 1835; baseline 0.003 -10"><span class='ocrx_word' id='word_1_358' title='bbox 965 1800 998 1826; x_wconf 89' lang='lat' dir='ltr'><strong>et</strong></span> <span class='ocrx_word' id='word_1_359' title='bbox 1022 1795 1168 1835; x_wconf 86' lang='lat' dir='ltr'><strong>agenda.</strong></span> <span class='ocrx_word' id='word_1_360' title='bbox 1218 1795 1335 1826; x_wconf 87' lang='lat' dir='ltr'><strong>Veluti</strong></span> <span class='ocrx_word' id='word_1_361' title='bbox 1365 1805 1435 1826; x_wconf 86' lang='lat' dir='ltr'><strong>rem</strong></span> <span class='ocrx_word' id='word_1_362' title='bbox 1468 1796 1592 1827; x_wconf 87' lang='lat' dir='ltr'><strong>milita-</strong></span> 
     </span>
     <span class='ocr_line' id='line_1_75' title="bbox 966 1840 1593 1881; baseline 0.003 -10"><span class='ocrx_word' id='word_1_363' title='bbox 966 1850 1038 1871; x_wconf 88' lang='lat' dir='ltr'><strong>rem</strong></span> <span class='ocrx_word' id='word_1_364' title='bbox 1068 1840 1278 1871; x_wconf 84' lang='lat' dir='ltr'><strong>arbitrantur</strong></span> <span class='ocrx_word' id='word_1_365' title='bbox 1315 1841 1410 1881; x_wconf 88' lang='lat' dir='ltr'><strong>pacis</strong></span> <span class='ocrx_word' id='word_1_366' title='bbox 1445 1842 1593 1873; x_wconf 85' lang='lat' dir='ltr'><strong>tuendae</strong></span> 
     </span>
     <span class='ocr_line' id='line_1_76' title="bbox 967 1886 1592 1926; baseline 0.003 -10"><span class='ocrx_word' id='word_1_367' title='bbox 967 1886 1080 1926; x_wconf 88' lang='lat' dir='ltr'><strong>gratia</strong></span> <span class='ocrx_word' id='word_1_368' title='bbox 1114 1887 1204 1916; x_wconf 85' lang='lat' dir='ltr'><strong>serio</strong></span> <span class='ocrx_word' id='word_1_369' title='bbox 1239 1895 1314 1917; x_wconf 88' lang='lat' dir='ltr'><strong>esse</strong></span> <span class='ocrx_word' id='word_1_370' title='bbox 1355 1886 1592 1918; x_wconf 84' lang='lat' dir='ltr'><strong>exercendam.</strong></span> 
     </span>
     <span class='ocr_line' id='line_1_77' title="bbox 967 1931 1592 1972; baseline 0.005 -11"><span class='ocrx_word' id='word_1_371' title='bbox 967 1932 1075 1972; x_wconf 86' lang='lat' dir='ltr'><strong>Atqui</strong></span> <span class='ocrx_word' id='word_1_372' title='bbox 1114 1931 1238 1965; x_wconf 88' lang='lat' dir='ltr'><strong>bellum</strong></span> <span class='ocrx_word' id='word_1_373' title='bbox 1279 1941 1453 1972; x_wconf 88' lang='lat' dir='ltr'><strong>nunquam</strong></span> <span class='ocrx_word' id='word_1_374' title='bbox 1491 1932 1592 1964; x_wconf 84' lang='lat' dir='ltr'><strong>nobis</strong></span> 
     </span>
     <span class='ocr_line' id='line_1_78' title="bbox 966 1976 1592 2018; baseline 0.002 -11"><span class='ocrx_word' id='word_1_375' title='bbox 966 1981 1131 2018; x_wconf 85' lang='lat' dir='ltr'><strong>tanquam</strong></span> <span class='ocrx_word' id='word_1_376' title='bbox 1171 1977 1270 2008; x_wconf 85' lang='lat' dir='ltr'><strong>ludus</strong></span> <span class='ocrx_word' id='word_1_377' title='bbox 1305 1977 1419 2008; x_wconf 87' lang='lat' dir='ltr'><strong>extitit</strong></span> <span class='ocrx_word' id='word_1_378' title='bbox 1453 1976 1592 2017; x_wconf 85' lang='lat' dir='ltr'><strong>aliquis,</strong></span> 
     </span>
     <span class='ocr_line' id='line_1_79' title="bbox 968 2022 1592 2063; baseline 0 -10"><span class='ocrx_word' id='word_1_379' title='bbox 968 2032 1037 2063; x_wconf 92' lang='lat' dir='ltr'><strong>quo</strong></span> <span class='ocrx_word' id='word_1_380' title='bbox 1077 2031 1191 2053; x_wconf 89' lang='lat' dir='ltr'><strong>mores</strong></span> <span class='ocrx_word' id='word_1_381' title='bbox 1226 2027 1260 2054; x_wconf 91' lang='lat' dir='ltr'><strong>et</strong></span> <span class='ocrx_word' id='word_1_382' title='bbox 1292 2022 1433 2062; x_wconf 86' lang='lat' dir='ltr'><strong>ingenia</strong></span> <span class='ocrx_word' id='word_1_383' title='bbox 1467 2022 1592 2053; x_wconf 91' lang='lat' dir='ltr'><strong>civium</strong></span> 
     </span>
     <span class='ocr_line' id='line_1_80' title="bbox 967 2068 1593 2108; baseline 0 -10"><span class='ocrx_word' id='word_1_384' title='bbox 967 2068 1191 2108; x_wconf 86' lang='lat' dir='ltr'><strong>fingerentur,</strong></span> <span class='ocrx_word' id='word_1_385' title='bbox 1215 2077 1326 2108; x_wconf 91' lang='lat' dir='ltr'><strong>neque</strong></span> <span class='ocrx_word' id='word_1_386' title='bbox 1341 2077 1490 2108; x_wconf 86' lang='lat' dir='ltr'><strong>unquam</strong></span> <span class='ocrx_word' id='word_1_387' title='bbox 1506 2069 1593 2098; x_wconf 86' lang='lat' dir='ltr'><strong>exti-</strong></span> 
     </span>
     <span class='ocr_line' id='line_1_81' title="bbox 966 2113 1592 2153; baseline 0.002 -10"><span class='ocrx_word' id='word_1_388' title='bbox 966 2118 1079 2144; x_wconf 84' lang='lat' dir='ltr'><strong>turum</strong></span> <span class='ocrx_word' id='word_1_389' title='bbox 1105 2118 1167 2144; x_wconf 86' lang='lat' dir='ltr'><strong>est.</strong></span> <span class='ocrx_word' id='word_1_390' title='bbox 1203 2114 1276 2144; x_wconf 94' lang='lat' dir='ltr'><strong>Imo</strong></span> <span class='ocrx_word' id='word_1_391' title='bbox 1302 2122 1468 2153; x_wconf 90' lang='lat' dir='ltr'><strong>quemque</strong></span> <span class='ocrx_word' id='word_1_392' title='bbox 1488 2113 1592 2144; x_wconf 89' lang='lat' dir='ltr'><strong>vitam</strong></span> 
     </span>
     <span class='ocr_line' id='line_1_82' title="bbox 964 2158 1592 2199; baseline 0 -10"><span class='ocrx_word' id='word_1_393' title='bbox 964 2169 1061 2190; x_wconf 83' lang='lat' dir='ltr'><strong>suam</strong></span> <span class='ocrx_word' id='word_1_394' title='bbox 1091 2159 1126 2189; x_wconf 92' lang='lat' dir='ltr'><strong>in</strong></span> <span class='ocrx_word' id='word_1_395' title='bbox 1157 2162 1310 2199; x_wconf 75' lang='lat' dir='ltr'><strong>pace&#39;et</strong></span> <span class='ocrx_word' id='word_1_396' title='bbox 1340 2158 1592 2198; x_wconf 62' lang='lat' dir='ltr'><strong>tranquillitate</strong></span> 
     </span>
     <span class='ocr_line' id='line_1_83' title="bbox 965 2203 1591 2244; baseline 0 -10"><span class='ocrx_word' id='word_1_397' title='bbox 965 2214 1066 2244; x_wconf 87' lang='lat' dir='ltr'><strong>quam</strong></span> <span class='ocrx_word' id='word_1_398' title='bbox 1091 2204 1240 2235; x_wconf 84' lang='lat' dir='ltr'><strong>maxima</strong></span> <span class='ocrx_word' id='word_1_399' title='bbox 1263 2203 1361 2234; x_wconf 89' lang='lat' dir='ltr'><strong>decet</strong></span> <span class='ocrx_word' id='word_1_400' title='bbox 1389 2204 1591 2244; x_wconf 84' lang='lat' dir='ltr'><strong>transigere.</strong></span> 
     </span>
     <span class='ocr_line' id='line_1_84' title="bbox 964 2249 1592 2289; baseline -0.002 -9"><span class='ocrx_word' id='word_1_401' title='bbox 964 2249 1141 2286; x_wconf 87' lang='lat' dir='ltr'><strong>Quaenam</strong></span> <span class='ocrx_word' id='word_1_402' title='bbox 1165 2250 1271 2289; x_wconf 86' lang='lat' dir='ltr'><strong>igitur</strong></span> <span class='ocrx_word' id='word_1_403' title='bbox 1295 2253 1388 2279; x_wconf 88' lang='lat' dir='ltr'><strong>recta</strong></span> <span class='ocrx_word' id='word_1_404' title='bbox 1413 2249 1477 2279; x_wconf 87' lang='lat' dir='ltr'><strong>erit</strong></span> <span class='ocrx_word' id='word_1_405' title='bbox 1501 2249 1592 2279; x_wconf 86' lang='lat' dir='ltr'><strong>vitae</strong></span> 
     </span>
     <span class='ocr_line' id='line_1_85' title="bbox 964 2294 1590 2336; baseline -0.003 -10"><span class='ocrx_word' id='word_1_406' title='bbox 964 2295 1119 2336; x_wconf 84' lang='lat' dir='ltr'><strong>agendae</strong></span> <span class='ocrx_word' id='word_1_407' title='bbox 1143 2295 1232 2326; x_wconf 90' lang='lat' dir='ltr'><strong>ratio</strong></span> <span class='ocrx_word' id='word_1_408' title='bbox 1245 2294 1260 2324; x_wconf 71' lang='grc' dir='ltr'>Ρ</span> <span class='ocrx_word' id='word_1_409' title='bbox 1284 2294 1473 2324; x_wconf 83' lang='lat' dir='ltr'><strong>Enimvero</strong></span> <span class='ocrx_word' id='word_1_410' title='bbox 1489 2303 1590 2335; x_wconf 83' lang='lat' dir='ltr'><strong>opor-</strong></span> 
     </span>
     <span class='ocr_line' id='line_1_86' title="bbox 963 2340 1590 2380; baseline -0.002 -9"><span class='ocrx_word' id='word_1_411' title='bbox 963 2345 1013 2371; x_wconf 90' lang='lat' dir='ltr'><strong>tet</strong></span> <span class='ocrx_word' id='word_1_412' title='bbox 1037 2341 1139 2371; x_wconf 88' lang='lat' dir='ltr'><strong>ludos</strong></span> <span class='ocrx_word' id='word_1_413' title='bbox 1164 2349 1266 2380; x_wconf 87' lang='lat' dir='ltr'><strong>agere</strong></span> <span class='ocrx_word' id='word_1_414' title='bbox 1290 2340 1325 2369; x_wconf 89' lang='lat' dir='ltr'><strong>in</strong></span> <span class='ocrx_word' id='word_1_415' title='bbox 1342 2340 1460 2378; x_wconf 85' lang='lat' dir='ltr'><strong>sacris,</strong></span> <span class='ocrx_word' id='word_1_416' title='bbox 1473 2341 1507 2370; x_wconf 86' lang='lat' dir='ltr'><strong>in</strong></span> <span class='ocrx_word' id='word_1_417' title='bbox 1535 2349 1590 2370; x_wconf 84' lang='lat' dir='ltr'><strong>ca-</strong></span> 
     </span>
     <span class='ocr_line' id='line_1_87' title="bbox 963 2385 1592 2424; baseline -0.002 -8"><span class='ocrx_word' id='word_1_418' title='bbox 963 2386 1090 2424; x_wconf 83' lang='lat' dir='ltr'><strong>nendo,</strong></span> <span class='ocrx_word' id='word_1_419' title='bbox 1116 2386 1152 2416; x_wconf 89' lang='lat' dir='ltr'><strong>in</strong></span> <span class='ocrx_word' id='word_1_420' title='bbox 1177 2385 1345 2421; x_wconf 86' lang='lat' dir='ltr'><strong>saltando,</strong></span> <span class='ocrx_word' id='word_1_421' title='bbox 1367 2388 1406 2414; x_wconf 90' lang='lat' dir='ltr'><strong>ut</strong></span> <span class='ocrx_word' id='word_1_422' title='bbox 1429 2385 1483 2415; x_wconf 87' lang='lat' dir='ltr'><strong>vel</strong></span> <span class='ocrx_word' id='word_1_423' title='bbox 1507 2385 1592 2416; x_wconf 88' lang='lat' dir='ltr'><strong>deos</strong></span> 
     </span>
     <span class='ocr_line' id='line_1_88' title="bbox 964 2429 1591 2470; baseline -0.003 -8"><span class='ocrx_word' id='word_1_424' title='bbox 964 2431 1064 2462; x_wconf 89' lang='lat' dir='ltr'><strong>nobis</strong></span> <span class='ocrx_word' id='word_1_425' title='bbox 1094 2431 1276 2462; x_wconf 87' lang='lat' dir='ltr'><strong>reddamus</strong></span> <span class='ocrx_word' id='word_1_426' title='bbox 1306 2430 1494 2470; x_wconf 86' lang='lat' dir='ltr'><strong>propitios,</strong></span> <span class='ocrx_word' id='word_1_427' title='bbox 1537 2429 1591 2460; x_wconf 84' lang='lat' dir='ltr'><strong>vel</strong></span> 
     </span>
     <span class='ocr_line' id='line_1_89' title="bbox 964 2475 1590 2516; baseline -0.003 -9"><span class='ocrx_word' id='word_1_428' title='bbox 964 2476 1081 2507; x_wconf 85' lang='lat' dir='ltr'><strong>hostes</strong></span> <span class='ocrx_word' id='word_1_429' title='bbox 1113 2476 1299 2516; x_wconf 86' lang='lat' dir='ltr'><strong>pugnando</strong></span> <span class='ocrx_word' id='word_1_430' title='bbox 1330 2485 1446 2506; x_wconf 85' lang='lat' dir='ltr'><strong>arcere</strong></span> <span class='ocrx_word' id='word_1_431' title='bbox 1471 2484 1510 2507; x_wconf 88' lang='lat' dir='ltr'><strong>ac</strong></span> <span class='ocrx_word' id='word_1_432' title='bbox 1534 2475 1590 2505; x_wconf 90' lang='lat' dir='ltr'><strong>de—</strong></span> 
     </span>
     <span class='ocr_line' id='line_1_90' title="bbox 966 2519 1590 2561; baseline -0.005 -9"><span class='ocrx_word' id='word_1_433' title='bbox 966 2523 1100 2552; x_wconf 89' lang='lat' dir='ltr'><strong>vincere</strong></span> <span class='ocrx_word' id='word_1_434' title='bbox 1131 2522 1314 2561; x_wconf 87' lang='lat' dir='ltr'><strong>possimus.</strong></span> <span class='ocrx_word' id='word_1_435' title='bbox 1368 2519 1471 2558; x_wconf 90' lang='lat' dir='ltr'><strong>Quod</strong></span> <span class='ocrx_word' id='word_1_436' title='bbox 1507 2529 1590 2560; x_wconf 91' lang='lat' dir='ltr'><strong>quo-</strong></span> 
     </span>
     <span class='ocr_line' id='line_1_91' title="bbox 962 2565 1591 2607; baseline -0.005 -9"><span class='ocrx_word' id='word_1_437' title='bbox 962 2566 1068 2605; x_wconf 89' lang='lat' dir='ltr'><strong>modo</strong></span> <span class='ocrx_word' id='word_1_438' title='bbox 1083 2565 1174 2597; x_wconf 86' lang='lat' dir='ltr'><strong>effici</strong></span> <span class='ocrx_word' id='word_1_439' title='bbox 1199 2566 1321 2607; x_wconf 87' lang='lat' dir='ltr'><strong>possit,</strong></span> <span class='ocrx_word' id='word_1_440' title='bbox 1339 2567 1374 2597; x_wconf 91' lang='lat' dir='ltr'><strong>id</strong></span> <span class='ocrx_word' id='word_1_441' title='bbox 1389 2567 1501 2607; x_wconf 84' lang='lat' dir='ltr'><strong>ipsum</strong></span> <span class='ocrx_word' id='word_1_442' title='bbox 1517 2568 1591 2595; x_wconf 88' lang='lat' dir='ltr'><strong>tan-</strong></span> 
     </span>
     <span class='ocr_line' id='line_1_92' title="bbox 967 2609 1592 2653; baseline -0.003 -11"><span class='ocrx_word' id='word_1_443' title='bbox 967 2621 1069 2653; x_wconf 88' lang='lat' dir='ltr'><strong>quam</strong></span> <span class='ocrx_word' id='word_1_444' title='bbox 1103 2611 1200 2643; x_wconf 88' lang='lat' dir='ltr'><strong>brevi</strong></span> <span class='ocrx_word' id='word_1_445' title='bbox 1232 2612 1379 2652; x_wconf 85' lang='lat' dir='ltr'><strong>quadam</strong></span> <span class='ocrx_word' id='word_1_446' title='bbox 1412 2609 1592 2642; x_wconf 88' lang='lat' dir='ltr'><strong>adumbra-</strong></span> 
     </span>
     <span class='ocr_line' id='line_1_93' title="bbox 966 2655 1594 2689; baseline -0.003 -2"><span class='ocrx_word' id='word_1_447' title='bbox 966 2658 1060 2688; x_wconf 82' lang='lat' dir='ltr'><strong>tione</strong></span> <span class='ocrx_word' id='word_1_448' title='bbox 1100 2657 1311 2689; x_wconf 86' lang='lat' dir='ltr'><strong>ostendimus</strong></span> <span class='ocrx_word' id='word_1_449' title='bbox 1361 2655 1594 2688; x_wconf 81' lang='lat' dir='ltr'><strong>describendis</strong></span> 
     </span>
    </p>
   </div>
  </div>
 </body>
</html>
