1644 2886
274 100 342 142 (tv
359 102 372 142 1
699 97 1172 148 PROLEGOMENA

265 212 360 252 fere
391 212 519 252 etiam
549 209 602 250 dc
636 207 821 249 colore
851 206 1298 260 colloquentium
1331 207 1634 248 sermoni·'

273 267 372 308 bus
404 265 636 306 inducto
667 262 902 304 existimari
932 277 1059 317 posse
1089 260 1271 304 videtur.
1331 263 1461 315 Quod
1491 263 1601 304 enim

271 321 471 376 dialogus
510 317 693 361 subinde
731 332 816 359 una
851 333 947 359 cum
978 317 1189 373 gravitate
1220 317 1347 359 etiam
1378 318 1603 360 austeritas

271 378 327 418 tis
374 375 598 417 cuiusdam
643 373 866 428 tristisque
924 374 1166 415 severitatis
1212 374 1398 428 speciem
1451 374 1603 422 habet3

271 430 390 485 quod
429 430 498 471 hic
536 436 580 471 et
608 428 695 471 illic
722 429 1041 471 insolentiorem
1061 427 1286 483 ,quandam
1316 428 1604 484 granditatem
1639 451 1644 477 ς

1634 314 1644 447 §.v-..mmo

269 492 568 535 consectatum
609 484 728 539 quod
766 485 910 527 multis
939 485 984 526 in
1015 485 1208 540 partibus
1236 484 1332 539 piae
1361 494 1406 526 et
1433 485 1604 541 religio·

270 557 345 583 sae
385 541 622 597 sapientiae
665 540 861 590 sensibus
891 547 957 583 est
986 541 1206 596 perfusus3
1247 540 1363 594 quod
1391 555 1476 586 non
1509 555 1604 581 raro

271 605 488 652 tamquam
527 595 715 638 tardiore
788 608 907 638 ressu
945 594 1107 638 incedit
1137 596 1353 649 habetque
1384 595 1605 637 lentitudi-

273 665 370 695 nem
400 652 635 707 quandam3
667 611 785 706 quod
814 651 999 706 denique
1029 667 1116 694 non
1145 667 1230 693 uno
1261 651 1499 706 eodemque
1529 650 1606 693 sed

271 709 416 764 potius
456 707 687 749 admodum
724 707 844 749 vario
887 719 939 750 ac
982 707 1206 762 multiplici
1249 706 1421 748 dicendi
1450 721 1605 763 genere
1640 717 1643 720 ⁴

272 765 423 817 utitur,
448 757 796 818 quandoquidem
814 778 1049 805 sermonem
1070 763 1200 805 habet
1219 762 1346 804 modo
1370 762 1606 818 simplicem
1638 781 1640 786 ·

271 833 323 862 ac
354 826 541 873 tenuem,
573 818 701 861 modo
733 818 1007 872 mediocrem,
1038 819 1166 860 modo
1197 818 1384 872 celsum,
1430 819 1605 870 elatum,

269 871 522 922 sublimemz
570 881 671 917 sunt
713 875 908 929 profecto
948 874 1054 916 haec
1093 874 1235 916 omnia
1275 873 1511 927 eiusmodi,
1545 882 1609 915 ‘ut

270 941 358 973 non
378 938 462 972 tam
485 931 653 996 virgula
684 931 879 972 censoria
907 929 1098 972 notanda
1122 944 1251 984 quam
1280 929 1419 971 laudis
1444 929 1607 971 honore

272 986 499 1029 mactanda
552 987 734 1037 luerint,
783 987 943 1041 quippo
988 1001 1118 1040 quum
1149 986 1254 1027 scite
1294 992 1338 1026 et
1392 986 1609 1040 sapienter

271 1042 329 1083 ad
368 1043 555 1084 universi
594 1042 736 1097 operis
772 1041 960 1083 indolem
1000 1042 1294 1095 rationemque
1325 1047 1618 1096 attemperata

270 1094 372 1140 sint.
408 1098 520 1140 Nam
540 1097 656 1152 quod
676 1105 838 1152 negant
858 1097 1042 1139 eundem
1062 1097 1268 1138 orationis
1287 1097 1474 1138 colorem
1494 1111 1518 1136 a
1550 1095 1608 1138 ud

274 1152 500 1195 Platonem
522 1166 702 1208 nsquam
726 1153 828 1194 alibi
848 1153 1040 1208 reperiri,
1072 1151 1117 1194 id
1147 1162 1261 1193 certe
1292 1156 1407 1194 nunc
1436 1152 1508 1206 qui
1543 1166 1609 1192 em

273 1210 431 1251 nemini
479 1209 679 1264 cuiquam
727 1209 975 1264 scrupulum
1028 1208 1216 1260 iniiciet,
1257 1206 1609 1262 quandoquidem

273 1266 411 1306 virum
451 1265 811 1320 sapientissimum
859 1264 1043 1306 vidimus
1090 1265 1264 1305 omnino
1305 1264 1350 1306 in
1382 1262 1609 1305 scribendo

274 1322 384 1362 hanc
422 1321 503 1363 sibi
544 1321 687 1376 legem.
711 1320 951 1372 statuisse,
985 1326 1032 1361 ut
1072 1335 1151 1374 pro
1190 1334 1331 1361 rerum
1361 1334 1413 1360 ac
1444 1325 1612 1373 tempo-.

274 1392 364 1418 rum
397 1377 603 1418 varietate
634 1377 760 1417 etiam
780 1376 942 1429 stilum,
974 1391 1061 1430 quo
1091 1390 1194 1417 usus
1224 1381 1303 1428 est,
1334 1374 1610 1415 artificiosius

274 1433 480 1484 variaret,
520 1434 697 1486 eiusque
735 1432 913 1473 rationis
951 1431 1147 1486 exempla
1183 1445 1387 1486 perquam
1427 1430 1611 1472 illustria

274 1490 401 1529 etiam
442 1489 544 1530 alibi
584 1488 699 1542 apud
729 1503 824 1528 eum
856 1487 1037 1543 reperiri
1066 1486 1461 1528 animadvertimus.
1523 1486 1609 1527 lta-

276 1560 358 1598 que
399 1544 504 1585 liaec
535 1544 705 1597 quidem
738 1544 880 1584 omnia
915 1542 1018 1584 talia
1049 1557 1144 1584 esse
1171 1548 1366 1597 apparet,
1398 1540 1512 1582 unde
1543 1556 1609 1581 ar-

275 1610 502 1655 gumenta,
544 1614 653 1653 quae
697 1598 751 1639 ad
781 1598 1080 1640 infirmandam
1110 1599 1280 1653 Legum
1311 1597 1609 1639 auctoritatem

275 1655 460 1708 valeant,
492 1654 825 1709 haudquaquam
853 1654 988 1709 repeti
1025 1659 1198 1708 queant.
1268 1655 1330 1693 At
1368 1652 1480 1693 enim
1511 1667 1610 1693 vero

276 1716 379 1752 sunt
415 1725 517 1752 sane
556 1711 641 1751 alia
680 1709 906 1763 quaedam,
948 1725 1057 1764 quae
1095 1723 1244 1750 revera
1283 1708 1521 1749 molestiam
1569 1718 1611 1748 et

276 1766 575 1807 difficultatem
595 1764 788 1807 afferant.
832 1766 1042 1807 ,Haerent
1061 1765 1173 1805 enim
1204 1764 1340 1805 critici
1370 1763 1412 1803 in
1446 1778 1610 1818 argu-

277 1822 622 1863 mentatione
664 1821 858 1877 Legibus
886 1821 1116 1876 peculiari,
1149 1820 1270 1861 cuius
1302 1825 1448 1874 aptum
1488 1824 1611 1859 teno-

277 1892 366 1919 rem
405 1877 693 1931 idoneumque
729 1891 1004 1932 progressum
1046 1876 1116 1917 hic
1154 1882 1197 1917 et
1224 1875 1313 1916 illic
1343 1873 1610 1917 desiderantz

280 1933 456 1975 haerent
492 1934 594 1975 item
639 1934 683 1974 in
722 1947 1024 1974 sermonum
1069 1930 1536 1981 continuatione,
1568 1930 1609 1970 in

278 2004 365 2042 qua
422 1989 594 2044 saepius
643 1989 868 2041 requirunt
922 1987 1272 2041 aequabilitatem
1324 1996 1368 2026 et
1411 1991 1610 2026 constan-

279 2046 403 2094 tiam3
447 2045 626 2086 haerent
656 2044 842 2098 denique
883 2044 926 2084 in
955 2043 1211 2084 dictione
1252 2050 1380 2095 atque
1413 2040 1610 2081 elocu-

278 2101 456 2152 tione,
497 2115 623 2154 quam
664 2115 750 2141 non
789 2114 884 2140 raro
922 2114 1116 2153 asperam
1155 2104 1198 2139 et
1228 2097 1438 2149 hiulcam,
1482 2096 1611 2136 inter-

279 2155 379 2197 dum
421 2156 548 2196 etiam
588 2155 840 2196 insolentius
882 2154 1126 2196 affectatam
1166 2152 1231 2194 vel
1270 2151 1475 2193 audacem
1515 2165 1611 2192 esse

279 2218 611 2265 conqueruntur.
683 2211 776 2252 Neo
816 2225 918 2251 vero
960 2211 1019 2252 illi
1063 2209 1229 2251 iniuria.
1309 2207 1448 2248 Nemo
1499 2206 1609 2247 enim

281 2273 396 2308 recte
435 2267 559 2308 iverit
589 2266 763 2317 infitias,
805 2266 980 2320 reperiri
1019 2265 1190 2307 omnino
1230 2264 1271 2304 in
1305 2263 1496 2318 Legibus
1527 2277 1612 2302 non

280 2337 416 2378 pauca
455 2322 498 2364 id
528 2337 664 2378 genus
697 2323 814 2372 vitia,
847 2337 957 2376 quae
989 2321 1130 2376 qualia
1158 2320 1267 2372 sint,
1307 2319 1348 2359 in
1382 2317 1612 2372 superiori-

281 2380 361 2420 bus
393 2377 754 2419 demonstravisse
778 2377 986 2419 videmur.
1044 2377 1106 2418 At
1134 2375 1244 2416 enim
1266 2388 1368 2416 vero
1400 2373 1501 2413 licet
1530 2372 1611 2414 hoc

281 2436 341 2475 ita
380 2448 474 2476 csse
514 2434 624 2475 ultro
655 2433 977 2476 concedendum
1009 2433 1089 2482 sit,
1121 2438 1262 2472 tamen
1294 2444 1369 2470 cur
1397 2428 1495 2469 ideo
1526 2444 1611 2471 ma-

282 2491 343 2531 las
375 2489 427 2530 de
459 2489 645 2532 universi
686 2490 828 2543 operis
870 2489 952 2530 fide
984 2494 1026 2529 et
1056 2486 1310 2528 auctoritate
1346 2483 1611 2538 suspiciones

282 2547 460 2598 alamus,
493 2545 610 2587 nulla
627 2546 799 2586 omnino
829 2559 977 2586 caussa
1001 2548 1227 2598 suppetere
1260 2540 1443 2581 videtur.
1502 2539 1611 2580 Nam

283 2603 464 2654 primum
506 2601 674 2655 quidem
706 2601 934 2653 diligenter
979 2596 1403 2640 aninmdvertcndum
1437 2601 1524 2642 est,
1567 2594 1610 2633 in
