1644 2886
232 100 318 143 DE
354 96 631 142 memus
664 96 784 140 Lm.
820 95 901 139 vl.
932 95 981 137 P.
1015 57 1108 137 7842.
1141 92 1207 137 st.
1325 93 1406 135 235

62 218 140 264 ἐὰν
185 218 228 262 δ’
277 218 551 267 ἀδυνατῶσι,
599 215 712 274 πρὸς
757 213 862 266 τοὺς
906 211 1224 274 νομοφύλακας
1259 211 1409 254 ἰοῦσαι

60 285 351 348 φραζόντων,
387 289 430 329 οἱ
464 284 508 328 δ’
551 282 802 363 εἰργόντων.
838 280 898 325 ἂν
935 283 980 325 δὲ
1015 298 1089 326 και
1124 283 1284 324 ἐκεῖνοί
1317 293 1409 329 πως

58 353 384 407 ἀδυνατήσωσι,
416 352 528 431 πρὸς
562 350 612 396 τὸ
650 350 867 407 δημόσιον
902 346 1258 408 ἀποφηνάντων,
1294 343 1407 388 ἀνα-

59 423 315 502 γραψαντές
360 437 404 463 τε
449 437 523 463 και
567 418 812 474 ὀμόσαντες
855 410 882 471 ἦ
928 415 1017 473 μὴν
1051 414 1291 459 ἀδυνατεῖν
1324 410 1407 457 τὸν

59 507 130 533 και
168 489 248 532 τὸν
282 490 436 544 βελτίω
472 495 636 530 ποιεῖν·
673 486 698 530 ὁ
733 488 779 529 δὲ
807 484 1086 543 ἀναγραφεὶς
1106 480 1269 539 ἄτιμος
1286 485 1405 532 ἔστω,

57 556 117 611 μὴ
165 555 274 599 έλων
318 560 365 597 ἐν
409 557 673 637 δικαστηρίω
718 552 822 603 τοὺς
856 551 1198 611 ἐγγράψαντας,
1244 551 1404 592 τῶνδε·

56 625 165 680 μήτε
201 626 287 680 γαρ
333 627 391 672 εις
433 638 616 704 γαμους
636 621 711 664 ἰ’τω
747 637 856 675 μητε
899 624 959 671 εὶς
993 617 1075 669 τὰς
1110 620 1200 661 τῶν
1237 619 1406 660 παίδων

58 691 384 741 ἐπιτελειώσεις,
422 687 481 732 ἂν
518 691 563 732 δὲ
599 689 656 750 ἰή,
694 691 884 743 πληγαῖς
917 686 940 731 ὁ
976 688 1220 742 βουληθεις
1243 684 1408 739 ἀθῷος

57 757 198 802 αὑτὸν
232 759 460 811 κολαζέτω.
493 754 547 799 τὰ
585 754 703 799 αὐτὰ
740 758 786 799 δὲ
821 772 894 798 και
930 757 1026 809 περὶ
1057 749 1268 808 γυναικὸς
1301 755 1405 795 ἔστω

58 826 251 882 νόμιμα·
301 841 390 868 των
423 824 584 876 ἐξόδων
621 823 706 881 γὰρ
744 825 834 866 τῶν
872 825 1129 878 γυναικείων
1163 822 1236 864 καὶ
1271 836 1410 875 τιμων

58 898 127 937 καὶ
167 896 253 935 τῶν
291 897 349 943 εἰς
386 891 488 942 τοὺς
523 892 694 947 γάμους
726 895 798 934 καὶ
826 895 1007 945 γενέσεις
1044 890 1213 932 παίδων
1250 886 1408 947 φοιτή-

57 1029 188 1067 μένοι·ς,
214 1021 235 1056 ἷῖ
261 1020 312 1062 οἷς
336 1022 378 1055 ἂν
401 1025 632 1065 ἐπιτρέψωσιν
657 1021 727 1055 οἵδε
752 1022 906 1057 τάΞουοι.
937 1023 1054 1055 Herm.
1079 1020 1139 1052 καὶ
1162 1018 1287 1055 ’τάξωσι
1310 1019 1408 1051 uncis

59 1071 198 1104 seclusit
223 1075 380 1111 tanquam
408 1074 524 1101 ortum
550 1079 591 1101 ex
617 1070 841 1111 glossemate.
890 1068 960 1101 Sed
988 1078 1018 1101 ν.
1046 1067 1208 1110 explicat.

60 1183 266 1217 Schoenii
293 1184 343 1215 De
372 1188 527 1215 veterum
550 1181 697 1214 solenni-

58 1231 123 1262 bus
157 1230 323 1262 nataliciis
356 1238 482 1261 comm.
519 1228 697 1260 Halberst.

62 1276 162 1311 1832.
213 1275 296 1309 Mox
323 1275 354 1307 in
381 1275 482 1308 simili
507 1284 628 1306 caussa
656 1274 699 1306 de

63 1322 284 1354 mulieribus:
318 1321 367 1353 εἰς
392 1321 541 1363 γενέσεις
566 1318 699 1352 παίδων

62 1366 258 1409 φοιτήσεων
281 1365 325 1409 μὴ
350 1367 520 1410 μετεχέτω.
544 1377 574 1399 v.
605 1373 628 1398 Α
643 1368 697 1399 ri-

59 1413 202 1456 stopli.
243 1417 326 1445 Avv.
360 1424 390 1446 v.
423 1413 503 1448 493.
544 1412 695 1455 Eurip.

60 1460 189 1493 Electr.
204 1459 306 1494 1130.
334 1460 486 1493 lsaeus
500 1459 556 1491 De
575 1459 696 1501 Pyrrhi

60 1505 204 1539 lieredit.
228 1518 261 1549 p.
289 1507 343 1541 69.
381 1507 436 1538 ubi
463 1508 562 1548 plura
588 1506 697 1548 intpp.

128 1553 206 1583 τῶν
259 1551 426 1594 ἐξόδων
480 1551 560 1594 γὰρ
618 1552 698 1583 τῶν

59 1598 172 1640 γυν.]
198 1598 419 1631 Demosth.
454 1599 530 1630 adv.
559 1598 697 1640 Olymp.

60 1655 93 1686 ρ.
120 1644 222 1679 1182.
248 1645 308 1680 25:
341 1642 479 1677 ἐπειδὰν
503 1640 611 1686 ὁρῶσι
636 1642 696 1686 τὴν

59 1690 119 1731 μὲν
159 1689 284 1723 τούτου
319 1691 464 1734 ’ἑταίραν
507 1691 694 1733 περαιτέρω

62 1738 124 1769 τοῦ
161 1738 271 1770 καλῶς
308 1738 447 1779 ἔχοντος
486 1738 540 1769 καὶ
571 1742 695 1780 χρυσία

60 1781 165 1816 πολλὰ
200 1784 347 1824 ἔχουσαν
378 1785 433 1816 καὶ
466 1781 577 1822 ἱμάτια
602 1782 695 1822 καλά,

60 1830 115 1862 καὶ
149 1828 341 1870 ἐξόδους
371 1828 524 1872 λαμπράς
557 1829 695 1869 ἐξιοῦ-

62 1886 150 1908 σαν.
196 1875 365 1908 anian.
402 1878 536 1909 Amorr.
570 1876 626 1910 42.
662 1887 695 1919 p.

60 1922 139 1956 443.
163 1921 206 1953 T.
225 1923 266 1955 ll.
293 1918 361 1954 ἀπὸ
388 1922 448 1964 τῆς
473 1921 584 1954 οἰκίας
608 1922 695 1963 ἕξο-

61 1967 138 2000 δοι.
177 1967 393 2010 Tlieophr.
424 1968 527 2000 Char.
561 1969 626 2010 22,
657 1969 696 2003 3:

60 2013 104 2057 μὴ
152 2014 319 2055 πρίασθαι
368 2015 586 2057 θεραπαίνας
630 2015 699 2046 εἰς

62 2060 134 2094 τὰς
172 2059 369 2101 ἐξόδους.
408 2061 467 2093 ubi
512 2061 591 2093 vide
624 2060 696 2094 Ca-

61 2107 314 2140 sanbonnm.
355 2107 453 2140 Adde
482 2107 697 2150 Bottiger.

61 2154 199 2186 Grieeh.
237 2154 442 2197 Vasengem.
482 2153 525 2186 Τ.
563 2154 587 2186 l.
624 2155 696 2186 sol.

63 2199 126 2232 111.
151 2210 182 2242 p.
209 2201 264 2235 53.

108 2246 286 2278 καὶτῶν
310 2245 371 2278 εἰς
398 2243 502 2277 τοὺς
533 2243 699 2287 γάμους

67 2311 109 2316 -
139 2289 192 2333 μὴ
225 2292 448 2334 μετεχέτω]
482 2292 587 2325 Quod
614 2297 696 2324 vett.

63 2337 160 2370 editt.
186 2337 330 2372 habent:
361 2340 416 2370 καὶ
447 2339 513 2369 τῶν
543 2338 592 2370 εἰς
617 2335 700 2370 τοὺς

64 2382 193 2424 γάμους
218 2386 270 2416 καὶ
295 2385 441 2427 γενέσεις
461 2384 593 2416 παίδων
619 2395 696 2424 φοι-

67 2428 211 2471 τήσεων,
248 2431 280 2463 id
312 2433 394 2464 viris
431 2432 544 2464 doctis
576 2431 696 2472 displi-

66 2476 136 2506 enit
168 2482 371 2518 propterea,
410 2478 504 2520 quod
545 2477 696 2520 philoso-

64 2521 151 2564 plius
175 2531 214 2553 ea
239 2523 405 2564 scriptura
427 2529 562 2556 servata
581 2523 699 2556 videa·

66 2572 120 2599 tur
169 2569 366 2601 mulieribus
416 2571 489 2603 suis
532 2569 697 2603 honorem

67 2614 166 2655 plane
203 2614 408 2656 singularem
446 2615 574 2649 habere
614 2615 700 2649 hunc

69 2660 239 2699 voluisse.
271 2665 308 2692 nt
334 2661 375 2692 iis
399 2662 443 2694 ad
469 2667 588 2704 partus
615 2665 699 2695 alia-

70 2713 142 2736 rum
171 2705 418 2748 inspectandos
449 2709 534 2741 itare
569 2709 699 2742 liceret.

768 1183 891 1224 ltaque
924 1181 949 1214 l.
975 1181 1020 1213 G.
1046 1177 1406 1213 Schneiderusin

767 1227 854 1265 Lex
888 1237 916 1260 s.
951 1238 981 1261 v.
1015 1226 1151 1270 γενέσια
1186 1224 1406 1259 scribendum

767 1277 918 1318 putavit.
961 1274 1013 1305 καὶ
1047 1272 1225 1316 γενέσια
1264 1269 1407 1308 παίδων,

766 1332 856 1364 quae
892 1320 1090 1354 emendatio
1123 1319 1244 1353 eximie
1280 1317 1409 1361 placuit

766 1368 871 1401 etiam
904 1366 1270 1400 Winckelmanno
1296 1365 1404 1397 Prae-

764 1415 828 1447 fat.
855 1413 899 1446 ad
926 1413 1064 1447 Menon.
1092 1423 1130 1455 p..
1149 1411 1214 1445 Xl.
1241 1411 1295 1445 ed.
1322 1410 1406 1444 min.

766 1460 836 1493 Sed
878 1460 998 1493 mirum
1034 1463 1197 1502 quantum
1239 1456 1317 1489 huic
1350 1467 1405 1489 ra-

766 1507 850 1540 tioni
876 1507 983 1539 officit
1007 1505 1108 1545 illud,
1142 1502 1235 1546 quod
1270 1502 1408 1546 γενέσια

766 1554 809 1586 ab
845 1554 969 1586 Atticis
1001 1552 1230 1594 scriptoribus
1267 1551 1334 1583 ista
1372 1549 1406 1582 vi

767 1605 803 1634 et
843 1604 1020 1642 potestate
1060 1598 1140 1642 poni
1188 1606 1255 1630 non
1304 1597 1407 1630 solet.

768 1645 853 1679 Nam
905 1646 1029 1678 dicitnr
1076 1644 1158 1678 illud
1207 1643 1324 1686 potius
1362 1642 1407 1675 de

765 1693 949 1726 emortuali
977 1693 1052 1733 die,
1076 1692 1176 1726 cuius.
1199 1690 1406 1723 memoriam

762 1739 852 1782 apud
879 1738 1037 1771 Graecos
1071 1738 1268 1780 accepimus
1294 1735 1406 1768 fuisse

761 1786 1005 1818 anniversariis
1027 1783 1289 1817 solennitatibus
1313 1783 1404 1815 cele-

764 1832 915 1870 bratam3
950 1831 994 1863 de
1025 1841 1091 1873 qua
1124 1840 1163 1863 re
1201 1840 1232 1860 v.
1265 1829 1404 1862 Hero-

764 1877 850 1909 dot.
884 1877 946 1909 IV.
978 1877 1034 1912 26.
1068 1880 1103 1908 et
1139 1875 1247 1908 lndic.
1274 1875 1402 1907 Graec.

766 1924 864 1956 Dion.
893 1924 990 1955 Cass.
1018 1921 1169 1956 Reimar.
1192 1932 1220 1953 s.
1238 1931 1269 1952 v.
1301 1919 1406 1953 Unde

765 1969 867 2002 etiam
895 1968 938 2006 in⁴
955 1967 1138 2002 Alcibiade
1162 1968 1190 2000 Ι.
1218 1967 1357 2000 Platon.
1372 1977 1405 2009 p.

766 2016 844 2050 121.
879 2015 918 2047 D.
952 2026 1016 2058 pro
1048 2013 1183 2058 γενέσια
1222 2023 1263 2047 ex
1303 2012 1408 2046 codd.

765 2061 970 2104 quibusdam
1010 2060 1192 2103 legendum
1226 2062 1280 2093 est
1313 2058 1406 2101 γενέ-

765 2108 858 2141 θλια.
895 2118 927 2142 v,
959 2109 1152 2141 Ammon.
1186 2118 1214 2139 s.
1241 2116 1271 2139 v.
1306 2105 1406 2138 Γενέ·

765 2154 849 2187 θλια
874 2165 905 2196 p.
932 2155 987 2189 34.
1017 2154 1071 2188 ed.
1092 2154 1209 2186 valck.
1237 2152 1403 2185 Polluc.

765 2201 825 2234 111.
867 2201 943 2235 102.
987 2199 1214 2245 Phrynich.
1254 2210 1287 2240 p.
1324 2198 1403 2233 103.

767 2246 820 2280 ed.
848 2247 937 2280 Lob.
996 2248 1111 2289 ibique
1163 2244 1403 2278 doctissimum

767 2294 948 2327 editorem.
973 2293 1118 2326 Thom.
1148 2291 1323 2324 Γενέθλια.
1341 2301 1405 2324 no—

766 2345 835 2372 stra
867 2341 910 2373 ad
937 2340 1108 2373 Alcibiad.
1139 2339 1167 2371 1.
1196 2350 1229 2379 p.
1256 2338 1335 2372 121.
1365 2338 1404 2370 D.

767 2390 800 2419 et
827 2386 1107 2419 Sclioemann.
1134 2384 1176 2418 nd
1202 2386 1344 2417 Isaeum
1373 2395 1406 2426 p.

765 2432 844 2466 223.
906 2434 1023 2474 ltaque
1064 2434 1190 2465 nonem
1231 2429 1404 2473 profecto,

767 2479 978 2511 Turicenses
1018 2489 1124 2521 nuper
1168 2482 1335 2520 protenus
1372 2477 1406 2509 in

767 2525 925 2558 Platonis
957 2526 1148 2557 orationem
1183 2523 1407 2562 invexissent,

768 2571 860 2612 qnod
893 2571 1012 2603 nititur
1048 2572 1245 2603 coniectura
1285 2568 1407 2603 admo·

770 2618 847 2651 dum
874 2617 976 2650 dubia
1003 2622 1038 2648 et
1066 2618 1207 2648 incerta.
1255 2614 1407 2652 Codices

769 2675 786 2695 a
814 2665 949 2705 vulgata
975 2664 1147 2704 scriptura
1166 2664 1211 2695 ita
1227 2660 1406 2702 recedunt,

771 2715 804 2742 nt
831 2710 888 2743 alii
921 2708 1106 2750 γενέσεων,
1139 2708 1193 2741 alii
1219 2707 1407 2750 γενεθλίων
