1644 2886
180 472 222 511 ])

254 99 333 139 302
724 94 1095 138 PLATONIS

254 209 473 267 διατριβὴ,
510 214 579 252 καὶ
616 209 676 264 μὴ
720 213 1074 265 παρατιθεμένης
1109 213 1185 263 τῆς
1219 214 1411 265 γλυκείας
1446 212 1573 255 Μου-

252 294 341 332 σης,
368 277 554 330 ἀμείνων
588 280 750 331 μυρίῳ·
786 275 835 318 τὸ
869 275 916 318 δ’
958 275 1039 328 ἡδὺ
1073 275 1225 320 κοινὸν
1260 276 1434 326 πάσαις.
1469 283 1515 320 ἐν
1547 272 1572 338 ᾖ

255 343 340 398 γὰρ
386 341 444 384 ἂν
484 347 529 385 ἐκ
572 344 738 385 παίδων
782 358 845 391 τις
889 346 1006 398 μέχρι
1050 344 1126 395 τῆς
1167 347 1390 396 ἑστηκυίας
1423 359 1468 385 τε
1503 350 1574 386 καὶ

256 415 471 467 ἔμφρονος
494 406 679 459 ,ἡλικίας
725 409 902 463 διαβιῷ,
948 407 1144 467 σώφρονι
1185 412 1264 464 μὲν
1299 407 1460 468 Μούσῃ
1504 412 1574 452 καὶ

256 480 502 534 τεταγμένῃ,
535 474 709 517 ἀκούων
745 475 789 516 δὲ
826 477 902 526 τῆς
938 478 1149 525 ἐναντίας,
1171 484 1282 529 μισεῖ
1307 479 1377 518 καὶ
1401 474 1575 517 ἀνελεύ-

258 545 398 595 θερον
444 539 585 592 αὐτὴν
628 542 957 595 προςαγορεύει,
994 543 1174 599 τραφεὶς
1210 540 1250 584 δ’
1290 543 1334 584 ἐν
1371 543 1420 600 τῇ
1456 543 1575 600 κοινῇ

256 611 327 649 καὶ
369 610 542 662 γλυκείᾳ
592 605 767 663 ψυχράν
806 609 878 650 καὶ
917 605 1032 659 ἀηδῆ
1077 605 1158 658 τὴν
1204 606 1339 667 ταύτῃ
1375 610 1577 650 ἐναντίαν

257 673 366 715 εἶναι
401 677 555 731 φησίν,
591 670 715 723 ὥςτε,
752 670 858 728 ὅπερ
891 671 1065 730 ὲῤῥήθη
1106 676 1184 716 νῦν
1229 672 1305 726 δή,
1337 674 1385 715 τό
1421 675 1579 726 γε’τῆς

256 739 418 791 ἡδονῆς
451 736 672 792 ἢαηδίας
705 741 799 793 περὶ
835 743 1038 794 ἑκατέρας
1054 739 1182 783 οὐδὲν
1210 742 1578 790 πεπλεονέκτηκεν,

257 811 300 848 ἐκ
349 807 550 860 περιττοῦ
595 807 639 848 δὲ
685 803 710 856 ἡ
754 807 833 858 μὲν
875 806 1095 859 βελτίους,
1129 804 1155 857 ἡ
1191 808 1235 847 δὲ
1267 809 1438 861 χείρους
1476 803 1580 856 τοὺς

257 878 301 914 ὲν
337 870 448 930 αὐτῇ
484 875 726 927 τραφέντας
759 869 962 913 ἑκάστοτε
999 877 1241 926 παρέχεται.

359 939 460 981 ΚΛ.
532 938 686 986 Καλῶς
722 936 906 991 εἴρηκας.

356 1006 453 1046 ΑΘ.
510 999 600 1044 ”Eu
637 1005 680 1045 δὲ
719 1004 920 1053 θηλείαις
955 1019 997 1046 τε
1025 1001 1274 1057 πρεπούσας
1295 1001 1411 1056 ᾠδὰς
1429 1000 1581 1060 ἄρρεσί

214 1099 227 1111 A
264 1087 302 1112 τε
335 1074 515 1125 χωρίσαι
552 1084 635 1111 που
670 1071 766 1111 δέον
801 1065 858 1110 ὀὲν
893 1068 956 1120 εἴη
996 1068 1111 1122 τύπῳ
1149 1071 1230 1110 τινὶ
1264 1069 1580 1124 διορισάμενον,

354 1234 416 1263 καὶ
444 1231 688 1272 τεταγμένη]
720 1230 756 1261 V.
782 1233 833 1263 καὶ
860 1231 1107 1273 διατειαγμένῃ,
1135 1234 1255 1264 invitis
1282 1234 1380 1264 codd.
1409 1233 1580 1274 plerisque

263 1279 435 1310 omnibus.

353 1324 396 1355 D.
451 1321 464 1331 '⁸
445 1318 660 1377 ηᾶηδιας]
686 1318 706 1363 ἦ
731 1321 783 1352 καὶ
808 1319 926 1363 ἀηδίας
949 1322 1022 1354 Rie.

355 1370 396 1400 E,
446 1366 519 1409 ὅλῃ
545 1379 590 1409 γε
614 1364 816 1420 ἁρμονίᾳ]
844 1369 923 1399 Ald.
943 1369 1029 1399 Lov.
1045 1367 1170 1402 Βίας-1.
1187 1368 1219 1401 2.
1237 1365 1295 1409 ὅλη
1321 1379 1358 1409 γε
1384 1366 1404 1409 ἡ
1427 1365 1581 1410 ἁρμονια.

265 1415 351 1446 Inde
381 1415 516 1446 extudit
554 1412 674 1466 Steph.
705 1409 764 1453 ὅλῃ
795 1424 832 1453 γε
856 1414 894 1453 τῇ
920 1410 1072 1455 ἁρμοιιᾳ.
1121 1412 1189 1445 Sed
1217 1414 1317 1447 codd.
1346 1417 1389 1445 A.
1419 1412 1455 1445 Ω.

263 1460 286 1491 f.
313 1461 346 1491 h.
372 1470 398 1491 r.
423 1471 453 1492 a.
481 1471 508 1491 c.
534 1458 563 1490 δ.
593 1470 620 1491 ο.
655 1455 713 1498 ὅλῃ
739 1469 775 1499 γε
801 1455 951 1501 ἁρμονίᾳ,
978 1459 1124 1491 articulo
1150 1459 1187 1498 τῇ
1213 1460 1354 1490 omisso.

356 1503 627 1546 προςήκοντα
646 1501 855 1537 ἑκάστοις
881 1503 1062 1544 τούτων]
1090 1506 1171 1535 Aid.
1193 1505 1278 1536 Lov.
1304 1504 1384 1536 Bas.
1411 1505 1442 1537 1
1467 1505 1499 1538 2
1526 1515 1581 1545 πρ.

266 1549 396 1581 τούτων
422 1548 575 1582 ἑκάστοις
602 1549 741 1587 rozi-‚mn
768 1555 804 1579 ut
828 1550 929 1580 codd.
955 1560 1034 1580 mss.
1065 1548 1101 1580 Ω.
1131 1550 1169 1582 Ξ.

267 1692 390 1725 πάσαις
426 1704 496 1725 non
535 1700 587 1726 est
622 1705 681 1726 cur
721 1699 781 1726 aut
818 1704 892 1725 cum

268 1741 392 1772 Astio
423 1741 574 1780 refingas
610 1740 645 1771 τὸ
688 1736 721 1770 δ’
758 1736 820 1780 ἡδὺ
858 1737 893 1769 ἐν

267 1784 408 1822 πάσαις,
432 1790 491 1816 aut
519 1796 594 1817 cum
619 1785 785 1817 Orellio
811 1786 892 1816 scri-

267 1833 328 1863 bas
362 1829 399 1862 τὸ
430 1828 457 1861 δ’
489 1827 552 1871 ἡδὺ
583 1830 705 1862 πάσαις
740 1831 826 1862 ἴσον,
858 1829 895 1861 ἐν

268 1871 288 1917 ᾗ
322 1874 386 1917 γὰρ
419 1887 448 1911 κ,
479 1887 504 1907 τ.
541 1878 567 1908 λ.
625 1875 772 1917 Vulgata
804 1877 895 1907 enim

268 1923 425 1954 codicum
452 1924 604 1953 omnium
628 1923 798 1963 scriptura
819 1931 894 1953 sen-

269 1969 411 2000 tentiam
439 1967 543 1999 habet
573 1968 657 2000 satis
681 1969 898 2008 perspicuam

269 2020 303 2046 et
325 2014 496 2044 idoneam.

315 2057 361 2090 ἐν
386 2052 406 2098 ᾖ
430 2057 506 2100 γὰρ
532 2054 578 2088 ἄν
602 2056 645 2089 ἐκ
669 2055 896 2098 παι’δων.-]

270 2104 441 2137 Periodus
473 2104 561 2135 mira
593 2103 816 2135 anacoluthia
846 2103 899 2133 in-

270 2146 392 2190 sianis.
451 2149 540 2180 Nam
578 2150 657 2180 inde
701 2158 722 2179 a
763 2148 898 2179 verbis:

268 2191 408 2226 α’κούων
439 2192 475 2224 δὲ
507 2194 566 2235 τῆς
588 2193 740 2225 ἐναντίας
750 2198 796 2224 ·κ.
822 2204 847 2223 τ.
874 2193 899 2223 λ.

272 2241 386 2272 oratio
426 2240 647 2271 continuatur
686 2239 830 2280 perinde
859 2247 900 2269 ac

273 2287 302 2318 si
322 2286 566 2318 antecesserit:
590 2282 748 2325 διαβιοὺς
765 2282 823 2323 μὲν
836 2281 900 2325 γάρ

275 2338 322 2363 τις
343 2329 381 2362 ἐκ
400 2329 530 2361 παίδων
544 2329 635 2372 μέχρι
653 2331 711 2371 τῆς
724 2329 902 2370 ἑστηκυίας

276 2388 309 2409 τε
344 2376 397 2407 καὶ
427 2376 601 2416 ἔμφρονος
624 2372 752 2417 ἡλικίας
776 2373 812 2405 ἐν
838 2372 901 2406 σώ-

277 2433 381 2464 φρονι
425 2419 551 2461 Μούσῃ
606 2422 660 2453 καὶ
713 2420 900 2462 τεταγμένῃ.

275 2468 379 2506 Quod
395 2469 453 2508 qui
475 2471 626 2507 teneant,
647 2468 670 2499 ii
690 2471 780 2498 certe
801 2467 900 2497 Her-

276 2514 418 2545 manni
457 2513 634 2544 consilium
672 2522 740 2543 non
785 2517 900 2552 prote-

278 2569 341 2591 nus
367 2558 647 2600 comprobabunt,
671 2567 738 2599 quo
764 2555 801 2588 δὲ
823 2562 901 2598 post

278 2601 416 2635 ἀκούων
461 2603 642 2636 arbitrarie
694 2603 899 2635 exturbavit.

279 2649 376 2686 Quae
416 2653 558 2681 vocatur
593 2645 700 2689 ἡλικία
736 2646 900 2688 ἑστηκυῖα,

1199 1561 1227 1580 v.
1255 1550 1286 1580 h.
1313 1559 1339 1580 r.
1389 1549 1584 1591 Stephanus

961 1698 1081 1725 stans
1112 1699 1250 1733 aetas,
1273 1699 1330 1724 est
1351 1694 1490 1725 media
1512 1694 1584 1733 illa,

961 1748 1049 1780 quae
1073 1748 1184 1778 neque
1208 1748 1361 1770 crescere
1394 1749 1503 1780 neque
1527 1741 1584 1770 de-

960 1793 1113 1816 crescere
1143 1784 1301 1823 videtur,
1329 1794 1483 1826 quaeque
1515 1795 1583 1816 non

960 1830 1078 1870 prodit
1102 1829 1206 1860 ullius
1220 1831 1382 1861 momenti
1404 1835 1588 1871 augmenta

963 1876 1014 1906 vel
1071 1875 1327 1906 imminutiones
1387 1875 1587 1907 facultatum

962 1921 1068 1952 animi
1106 1926 1140 1951 et
1178 1921 1344 1961 corporis.
1407 1919 1587 1953 Praeclare

961 1967 1004 1997 de
1027 1966 1092 1997 hac
1104 1975 1142 1997 re
1160 1967 1321 2007 exposuit
1339 1966 1586 1998 Dorvillius

961 2012 1006 2043 ad
1038 2010 1218 2043 Chariton.
1257 2022 1289 2052 p.
1327 2011 1404 2044 125.
1435 2021 1478 2042 Ξ
1508 2012 1584 2046 275.

962 2057 1015 2088 ed.
1053 2057 1149 2098 Lips.
1202 2057 1287 2088 Mox
1327 2054 1424 2098 κοινὴ
1461 2056 1589 2088 Μοῦσα

963 2106 1014 2134 est
1045 2102 1239 2142 vulgaris
1270 2102 1365 2141 illa,
1390 2112 1416 2133 s.
1450 2104 1588 2144 vulgi—

964 2157 1086 2188 vaga,
1113 2158 1218 2189 quae
1247 2151 1443 2179 sectatur
1474 2149 1587 2180 volu-

963 2194 1095 2235 ptatis
1119 2193 1441 2226 iucunditatem.
1464 2212 1505 2217 —
1531 2192 1587 2224 ἑκ-

965 2238 1180 2278 περιττοῦ,
1207 2239 1240 2269 h.
1273 2248 1301 2269 e.
1335 2238 1415 2279 ita,
1439 2243 1482 2271 ut
1513 2240 1590 2271 hoc

966 2285 1053 2316 sibi
1083 2284 1155 2315 uni
1186 2283 1338 2315 habeat
1367 2285 1588 2326 proprium

966 2340 1013 2362 ac
1047 2330 1335 2371 praecipuum.
1373 2328 1462 2362 Nam
1486 2340 1589 2370 quum

966 2376 1101 2417 utrique
1131 2375 1318 2406 communis
1350 2375 1508 2417 voluptas
1534 2376 1590 2414 sit,

969 2427 1039 2452 tum
1071 2420 1151 2451 huic
1178 2420 1237 2450 uni
1267 2420 1303 2451 id
1328 2421 1473 2453 maxime
1497 2421 1591 2452 laudi

968 2465 1185 2498 tribuendum
1216 2469 1282 2505 est,
1314 2466 1406 2506 quod
1434 2467 1591 2498 homines

969 2514 1004 2543 in
1026 2511 1135 2552 ipsius
1159 2510 1276 2541 studio
1293 2516 1468 2543 versantes
1487 2511 1592 2546 efficit

969 2557 1139 2588 meliores.

1013 2601 1054 2632 E.
1103 2598 1210 2643 τύπῳ
1244 2601 1321 2632 τινὶ
1354 2596 1590 2641 διορισάμε-

970 2646 1067 2689 νον]
1113 2646 1250 2678 forma
1296 2646 1475 2688 quadam
1523 2655 1592 2676 eas
