1644 2886
136 103 145 109 “·
172 89 253 131 DE
296 83 567 129 LEGIBUS
605 86 721 127 11113.
758 84 885 127 Vlll.
923 86 969 127 l'.

40 206 143 249 καθ
197 204 308 249 ὅσον
346 204 405 246 ἂν
452 204 669 265 flavianam
709 208 780 246 nai
827 201 1000 246 ὁπόταν
1031 203 1261 257 βούληται.

1003 88 1098 128 849.
1133 87 1196 128 St.
1321 86 1395 127 481

41 276 86 317 δὲ
120 271 268 316 ἄλλων
299 271 542 328 χρημάτων
579 269 763 314 πάντων
795 273 867 313 καὶ
904 285 1068 313 σκευων
1097 268 1276 313 ὁπόσων
1302 268 1401 312 ἐκά-

12 350 179 383 ’στοισι
224 343 379 396 χρεία,
427 341 586 381 πωλεῖν
632 344 690 388 εἰς
727 336 809 390 τὴν
844 335 1000 390 κοινὴν
1033 338 1091 392 ci>
1097 354 1210 393 οραν
1247 354 1403 394 φερου-

44 423 122 457 τας
164 412 225 458 εὶς
262 403 341 450 τὸν
378 405 519 448 τόπον
556 409 764 455 ἕκαστον,
812 412 857 446 ἐν
898 403 964 454 οἷς
999 402 1058 447 ἂν
1095 403 1402 462 νομοφύλακές

43 490 88 517 τε
130 478 202 517 καὶ
246 472 528 528 ἀγορανόμοι
581 474 676 527 μετ’

741 470 1031 527 ἀστυνόμων,
1088 472 1407 527 τεκμηράμενοι

43 543 174 598 ἕδρας
209 538 478 595 πρεπούσας,
518 539 652 596 ὅρους
690 540 869 582 θῶνται
909 541 995 582 τῶν
1017 539 1181 582 ὠνίων·
1220 545 1266 581 ἐν
1307 539 1406 582 τού·
1463 538 1476 547 '

46 625 136 657 τοις
170 606 484 650 ἀλλάττεσθαι
521 606 713 662 νόμισμα
753 623 797 649 τε
826 607 1067 663 χρημάτων
1088 611 1159 650 καὶ
1198 607 1406 662 χρήματα

44 748 165 771 errore
190 739 388 771 manifesto.
441 740 564 772 Paullo
590 746 669 773 ante
698 741 796 772 Voss.
824 739 982 770 κιιθόυον
1011 738 1054 768 ,ἓν
1075 738 1255 779 βούλοιτο.

136 783 271 827 ὅρους
302 787 470 818 θῶνται
501 788 582 818 τῶν
611 783 769 827 ὠνίων]
807 785 868 817 Sic
897 787 934 816 Α.
968 782 1006 816 Ω.
1033 795 1062 815 v.
1092 785 1114 816 Γ.
1142 785 1174 816 h.
1202 795 1227 817 r.
1256 795 1287 816 a.
1316 797 1343 817 c.
1374 787 1402 816 ὰ

47 844 75 864 υ.
104 841 135 862 x.

44 876 151 909 rabili.

45 989 112 1031 -J
147 987 259 1021 Recte
297 994 404 1030 atque
444 989 567 1023 ordine
606 990 690 1023 haec

44 1034 218 1067 adduntur
248 1044 316 1067 non
350 1035 593 1068 intercedente
627 1036 690 1068 ali-

44 1091 112 1123 qua
170 1081 427 1114 coniunctione.
503 1081 692 1114 Continent

46 1127 136 1161 enim
163 1127 373 1169 epexegesin
399 1127 584 1161 verborum
611 1137 692 1170 pro-

45 1173 136 1207 xime
149 1172 442 1206 antecedentium.
472 1173 605 1207 Locum
623 1174 692 1216 pri-

47 1229 104 1253 mo
126 1218 313 1261 ‚adspectu
355 1229 520 1261 perquam
565 1221 691 1253 obscu-

46 1275 121 1298 rum
148 1274 259 1306 neque
293 1265 337 1298 ab
362 1266 610 1307 interpretibus
637 1276 691 1298 sa-

46 1312 91 1344 tis
127 1312 342 1345 intellectum
384 1311 512 1344 dudum
552 1312 694 1354 egregie

45 1357 250 1391 dilucidavit
299 1357 599 1390 Casaubonus
649 1357 693 1390 ad

47 1403 276 1443 Theophrast.
304 1403 505 1436 Character.
532 1404 617 1447 Cap.
637 1403 692 1438 18.

48 1461 82 1492 p.
102 1449 181 1484 195.
208 1448 263 1482 ed.
294 1448 448 1482 Fischer.
480 1450 588 1482 Cuius
615 1461 691 1482 ver-

47 1497 88 1529 ba
115 1496 329 1538 apposuisse
346 1495 486 1529 iuvabit.
514 1495 620 1536 „Non
639 1500 694 1529 est

48 1546 163 1576 autem
202 1541 363 1581 dubium,
405 1541 530 1583 inquit,
582 1543 695 1575 notari

49 1589 101 1621 hic
127 1586 240 1630 (apud
273 1586 573 1630 Theophrastum)
603 1588 692 1621 disfi-

49 1634 204 1667 dentiam
246 1637 500 1674 mercatorum,
546 1643 692 1675 quorum

48 1681 225 1722 plerisque
257 1688 378 1711 manus
411 1683 491 1712 sunt
515 1681 694 1719 oculatae,

48 1736 163 1767 neque
194 1723 382 1766 quidquam
416 1725 480 1758 nisi
519 1726 611 1767 quod
645 1726 692 1758 vi-

50 1772 134 1805 dent
159 1770 297 1805 cedunt.
346 1769 434 1803 Tale
458 1771 567 1804 fuisse
583 1772 693 1804 Grae-

50 1828 171 1851 corum
204 1818 355 1850 maxime
387 1816 560 1858 ingenium
599 1817 692 1850 vide-

51 1870 128 1903 tur,
164 1866 203 1896 ut
233 1863 282 1895 illi
314 1873 420 1903 aegre
452 1873 534 1895 suas
561 1873 695 1896 merces

51 1910 184 1952 absque
208 1908 385 1950 praesenti
404 1909 551 1950 pecunia
573 1909 694 1942 crede-

51 1960 139 1989 rent.
189 1954 292 1988 Unde
323 1958 378 1987 est
408 1954 500 1997 apud
533 1954 694 1988 Plautum

54 2001 147 2034 Asin.
198 2000 220 2032 Ι.
264 2000 304 2037 3,
345 1999 400 2035 47.
451 2001 694 2043 proverbium=

53 2047 242 2081 mercari
281 2046 449 2079 Graeca
491 2046 589 2079 fide.
655 2048 698 2079 At

53 2102 209 2126 summus
236 2090 463 2134 philosophus
491 2092 617 2132 Plato,
641 2094 696 2134 qui

53 2140 161 2172 sciret
193 2147 296 2180 quam
331 2139 437 2171 multa
475 2138 696 2172 incommoda

53 2185 164 2227 pariat
188 2187 424 2217 mercatorum
449 2184 600 2217 facilitas
616 2194 697 2217 suas

53 2241 110 2264 res
159 2234 294 2263 temere
342 2229 577 2270 credentium,
629 2231 698 2271 (ab

53 2276 117 2309 hoc
143 2276 233 2309 enim
270 2275 369 2308 fonte
401 2276 550 2309 infinitae
576 2281 698 2319 postea

54 2323 132 2355 lites
159 2330 300 2355 manare
324 2322 459 2362 solent,
490 2327 530 2355 nt
554 2322 620 2355 alia
646 2327 697 2355 ta-

54 2378 149 2402 ceam
178 2366 304 2410 malag)
331 2367 421 2401 adeo
438 2367 598 2400 ἀπιστίαν
614 2367 700 2401 hanc

55 2423 122 2447 non
157 2413 388 2457 improbavit,
419 2419 458 2446 ut
490 2415 594 2447 etiam
621 2416 700 2458 lege

56 2460 207 2500 caverit,
239 2469 283 2492 ne
314 2460 391 2502 quis
419 2464 596 2493 mercator
620 2465 699 2493 ante

57 2504 159 2547 pretii
207 2507 482 2539 numerationem
536 2507 699 2548 cuiquam

57 2550 175 2593 daret3
208 2554 284 2592 aut,
303 2548 343 2584 'st
371 2551 509 2584 dederit
534 2552 632 2593 quis,
666 2556 700 2585 et

58 2600 181 2638 postea
215 2595 258 2628 ad
293 2606 394 2630 suum
430 2599 610 2640 pervenire
640 2608 699 2630 ne-

58 2646 181 2684 queat,
232 2641 315 2683 sibi,
362 2642 486 2684 inquit,
540 2644 700 2686 imputet,

59 2697 170 2730 neque
210 2688 313 2721 ullam
358 2689 530 2722 actionem
581 2690 698 2724 datum

104 2744 192 2776 Plat.
221 2745 310 2786 Opp.
342 2746 418 2776 Vol.
445 2745 488 2778 Χ.
519 2747 611 2779 sect.
641 2747 684 2780 11.

188 830 300 872 Vulgo
337 840 400 872 pro
433 833 571 863 θῶνται
604 831 787 874 legebatur
821 833 932 870 θεῶν,
973 839 1090 863 errore
1123 840 1310 873 sanequam
1343 831 1404 863 mi-

761 990 825 1022 sibi
854 990 891 1021 iri
917 998 960 1021 eo
987 989 1126 1020 nomine
1152 994 1281 1031 speret.
1334 991 1405 1030 Ap-

761 1037 866 1078 pellat
892 1033 945 1066 nic
972 1034 1076 1067 Plato
1102 1032 1257 1077 ἀλλαγήν
1282 1036 1404 1067 emtio-

761 1092 839 1114 nem
866 1084 901 1113 et
936 1079 1193 1120 venditionem3
1227 1085 1282 1113 est
1315 1081 1405 1113 enim

761 1137 883 1161 revera
909 1127 1125 1168 permutatio
1150 1127 1344 1167 quaedam,
1371 1131 1407 1158 nt

762 1174 865 1206 etiam
883 1173 1090 1205 Aristoteles
1111 1178 1145 1205 et
1161 1173 1406 1206 Iurisconsulti

762 1220 903 1253 docent.
930 1218 1134 1261 Hpo‘i'mom
1153 1229 1236 1252 vero
1265 1218 1323 1259 τὴν
1346 1218 1391 1250 ἄλ

763 1264 871 1309 λαγήν
901 1269 975 1304 est,
1017 1274 1121 1306 quum
1157 1266 1208 1298 vel
1243 1265 1407 1307 pecuniae

764 1311 963 1345 numeratio
978 1311 1028 1343 rei
1044 1310 1289 1350 eghibitionem
1306 1321 1407 1353 prae-

765 1359 877 1397 cedit,
919 1356 973 1389 vel
1016 1361 1150 1390 contra.
1213 1357 1408 1399 Utrumque

763 1403 939 1446 improbat
992 1403 1103 1435 Plato.
1178 1404 1410 1436 Doctissimus

765 1449 905 1483 Ficinus
943 1449 1107 1482 aliorsum
1156 1447 1282 1482 locum²
1320 1448 1408 1482 hunc

765 1496 921 1530 Platonis
946 1496 1050 1527 traxit
1077 1498 1114 1528 et
1141 1496 1184 1528 de
1210 1496 1410 1528 auctoribus

763 1542 924 1575 secundis
951 1542 1103 1583 accepit,
1135 1542 1178 1574 de
1202 1542 1329 1583 quibus
1355 1541 1405 1573 di-

763 1589 875 1622 ximus
901 1597 1004 1629 supra
1036 1588 1151 1630 capite
1187 1587 1274 1630 '7³9²
1307 1587 1405 1619 ἄκαι-

752 1637 853 1677 ,ρΙας,
880 1633 974 1676 quod
992 1634 1056 1665 etsi
1072 1635 1224 1675 ineptum
1246 1643 1312 1666 uon
1340 1638 1408 1672 est,

761 1682 874 1713 minus
899 1685 1016 1712 tamen
1034 1680 1157 1721 probo.
1192 1682 1242 1712 At
1256 1680 1313 1711 alii
1329 1682 1404 1721 qni-

763 1728 841 1759 dam
879 1728 1090 1767 interpretes
1138 1726 1219 1767 qnid
1258 1726 1407 1759 obsecro

764 1773 994 1811 somniarunt,
1022 1781 1138 1813 quum
1172 1773 1266 1805 illum
1295 1773 1406 1804 locum

764 1818 983 1851 tractarent?
1014 1817 1099 1850 Vide
1127 1819 1256 1857 locum,
1285 1818 1411 1850 lecztor

765 1864 916 1903 ridebis,
940 1873 1009 1895 imo
1025 1864 1271 1907 indignaberis
1292 1870 1327 1895 et
1360 1865 1410 1896 di-

765 1921 823 1943 ces
838 1921 917 1943 cum
936 1910 1090 1942 Iuliano·
1114 1906 1277 1952 a'u‘ynwv.
1297 1910 1412 1951 ἒγιων,

765 1959 945 1998 κατέγνων
978 1955 1126 1988 Verbum
1152 1956 1348 2000 προΐεσθαι
1361 1957 1412 1989 sic

767 2013 845 2035 esse
900 2002 1168 2043 accipiendum,
1225 2012 1410 2035 monemus

767 2049 870 2081 etiarn
897 2049 929 2080 iu
959 2048 1320 2088 animadversionibus
1351 2059 1411 2080 no-

767 2095 849 2127 stris
881 2094 923 2126 nd
953 2093 1178 2127 Athenaeum.
1232 2094 1282 2127 [⁴20
1310 2103 1412 2126 sensu

767 2145 800 2173 et
826 2138 1039 2181 προδιδόιαι
1054 2141 1279 2182 usurpabant.
1314 2140 1413 2173 Unde

767 2191 820 2219 est
847 2184 1025 2228 πρόδοσις.
1058 2186 1323 2229 Hermippus
1351 2196 1411 2219 ve-

769 2238 824 2264 tus
863 2233 1044 2268 Comicus,
1087 2236 1124 2265 ut
1162 2233 1210 2265 ait
1253 2232 1411 2265 Pollux

771 2279 830 2312 Vl.
871 2278 931 2313 33.-
965 2287 1063 2318 eum,
1113 2281 1172 2320 qui
1211 2280 1326 2311 vinum
1369 2279 1413 2311 de

770 2335 858 2367 cupa
889 2328 1064 2357 sumserat
1098 2335 1211 2365 neque
1247 2326 1413 2364 solverat,

769 2369 937 2413 ηροδόσει
979 2370 1088 2402 πίνειν
1128 2373 1258 2412 εἴρηκε,
1308 2381 1410 2405 venu-

769 2416 923 2450 stissimo
962 2417 1080 2449 ioco.“
1120 2416 1230 2455 *Haec
1257 2417 1413 2449 Casan-

769 2463 921 2495 bonus.
1002 2462 1123 2494 Cuius
1171 2462 1415 2504 disputatione

771 2508 927 2542 Platonis
977 2509 1090 2540 locum
1143 2513 1304 2550 putamus
1343 2516 1411 2542 tam

770 2554 912 2596 egregie
944 2554 1128 2594 illustrari,
1161 2554 1239 2587 nihil
1273 2560 1309 2586 ut
1340 2567 1413 2588 um—

770 2601 860 2642 plius
885 2599 928 2632 ad
964 2600 1040 2632 eius
1066 2601 1332 2642 explicationem
1360 2612 1412 2634 re-

769 2647 934 2686 quiratur.
986 2646 1072 2680 Nam
1105 2646 1149 2679 de
1171 2647 1256 2679 ἇλλο
1283 2653 1318 2681 et
1342 2647 1411 2680 ἔτι·

769 2703 829 2734 ρον
867 2693 1069 2725 consociato
1113 2692 1268 2727 Platonis
1302 2701 1413 2727 cerie

1088 2750 1134 2789 31

1315 219 1400 244 των
1445 198 1476 238 F
