1644 2886
259 78 341 120 DE
375 75 650 120 LEGIBUS
682 75 797 118 LIB.
827 74 930 117 VII.
963 74 1010 116 P.
1043 74 1137 116 802.
1171 71 1235 116 St.
1335 73 1413 114 :301

69 194 130 242 ὧν
166 198 313 248 οὐδεὶς
349 196 530 256 φθόνος
565 195 831 248 ἐκλέξασθαι
866 195 917 255 τῇ
952 194 1262 251 καθισταμένῃ
1294 192 1419 234 πολι·

68 270 162 323 ττίᾳ
200 266 248 309 τὸ
286 271 455 320 πρέπον
488 266 561 307 καὶ
595 261 849 320 ἁρμόττον
886 259 1158 317 ,δοκιμαστὰς
1179 261 1224 303 δὲ
1249 259 1417 303 τούτων

68 337 307 390 ἑλομένους
338 330 419 386 τὴν
454 330 638 386 ἐκλογὴν
673 333 907 376 ποιεῖσθαι
950 328 1011 385 μὴ
1048 332 1282 381 νεωτέρους
1316 343 1419 369 πεν-

71 401 261 455 τήκοντα
304 401 437 451 ἐτῶν,
469 417 544 443 και
590 397 614 443 ὅ
660 415 703 441 τι
750 401 831 453 μὲν
872 395 931 440 ἂν
972 394 1131 439 ἱκανὸν
1166 393 1279 438 εἶναι,
1313 393 1418 454 δόξῃ

68 471 156 511 τῶν
190 469 394 512 παλαιῶν
429 465 711 521 ποιημάτων,
747 469 971 520 emplum,
1009 462 1057 514 ὅ,
1093 480 1135 505 τι
1174 461 1214 506 δ’
1257 459 1316 504 ἂν
1350 467 1419 504 ἐν·

67 539 158 587 δεὲς
192 533 219 589 ἢ
258 534 307 578 τὸ
345 535 564 591 παράπαν
600 533 930 586 ἀνεπιτήδειον,
967 529 1018 576 τὸ
1051 533 1132 587 μὲν
1164 529 1420 585 ἀποβάλλε-

67 607 184 647 σθαι
219 603 505 654 παντάπασι,
540 600 592 646 τὸ
628 600 666 644 δ’
709 600 1034 656 ἐπανερόμενον
1070 595 1420 656 ἐπιρῥυθμίζειν,

68 669 325 724 ποιητικοὺς
359 667 456 726 ἅμα
491 671 565 713 καὶ
600 667 843 724 μουσικοὺς
864 666 1031 723 ἄνδρας
1056 665 1420 722 παραλαβόντας,

63 746 313 796 χρωμένους
356 737 507 780 αὐτῶν
546 745 645 787 ταῖς
692 735 906 792 δυνάμεσι
942 737 1020 787 τῆς
1050 733 1288 785 ποιήσεως,
1325 741 1438 782 ταῖςΙ

1400 800 1414 811 ”
1452 795 1488 839 C

67 809 113 850 δὲ
157 804 338 861 ἡδοναῖς
382 806 455 847 καὶ
504 806 767 859 ἐπιθυμίαις
800 802 857 859 μὴ
896 808 1213 857 ἐπιτρέποντας
1246 799 1348 843 ἀλλ’
1393 818 1418 852 η

66 889 178 916 τισιν
231 871 418 925 ὀλίγοις,
460 871 773 928 ἐξηγουμένους
829 874 874 915 δὲ
929 869 984 913 τὰ
1032 870 1113 914 τοῦ
1159 871 1418 922 νομοθετου

377 937 395 950 fl

65 941 328 996 βουλήματα
371 957 395 983 ο
443 956 484 982 τι
527 937 722 994 μάλιστα
768 935 949 995 ὄρχησίν
994 955 1039 980 τε
1074 941 1146 980 και
1183 934 1305 991 ᾠδὴν
1343 939 1415 978 καὶ

65 1010 218 1052 πᾶσαν
258 1010 441 1064 χορείαν
485 1006 804 1060 συστήσασθαι
837 1004 951 1050 κατὰ
989 1004 1070 1048 τὸν
1105 1003 1257 1047 αὐτῶν
1291 1005 1417 1047 νοῦν.

67 1077 190 1119 πᾶσα
235 1074 279 1118 δ’
327 1072 525 1125 ἄτακτός
570 1091 617 1130 γε
660 1074 785 1128 τάξιν
831 1075 1032 1130 λαβοῦσα
1085 1074 1183 1127 περὶ
1219 1073 1419 1115 Μοῦσαν

68 1230 148 1251 van.
174 1224 209 1251 et
230 1229 311 1250 mss.
342 1219 387 1249 A.
407 1216 445 1250 Ω.
468 1217 506 1251 Ξ.
522 1229 554 1250 v.
571 1219 595 1250 f.
610 1219 644 1251 h.
664 1229 691 1251 r.
712 1230 743 1252 a.
766 1229 794 1252 c.
821 1217 850 1250 δ.
879 1229 908 1251 ο.
934 1227 968 1249 x.
995 1216 1062 1248 hoc
1090 1221 1154 1256 est,
1179 1215 1262 1247 libri
1286 1225 1420 1258 omnes.

68 1265 268 1307 Stephanus
295 1265 393 1296 dedit
417 1263 704 1307 ἐπανερομένους,
733 1267 827 1307 quod
852 1269 1083 1305 susceperunt
1096 1264 1211 1300 4etiam
1236 1262 1419 1294 Bekkerus

67 1322 108 1344 ac
139 1312 360 1343 anicenses.
412 1312 536 1343 Astius
568 1314 659 1344 coni.
691 1309 1013 1354 ἐπανορθούμενον
1062 1310 1302 1342 Hermannus·
1337 1307 1419 1340 ἐπα-

68 1356 284 1399 ναιρόμενον.
312 1368 343 1389 v.
370 1358 548 1399 explicatt.

159 1403 199 1436 C.
246 1402 568 1445 ἐξηγουμένους
593 1403 635 1436 δὲ
668 1402 713 1436 τὰ
746 1404 823 1436 τοῦ
855 1403 909 1444 ν.]
937 1401 974 1435 δὲ
997 1413 1066 1434 om.
1094 1401 1133 1435 Ξ.
1159 1413 1192 1433 v.
1218 1402 1242 1434 s.
1327 1412 1356 1434 c.

158 1448 341 1482 ἄτακτός
345 1461 409 1505 γε
435 1448 579 1494 τάξιν]
607 1447 760 1483 ἀτάκτως
778 1448 864 1482 Ω,’“’
833 1462 870 1485 :⁴-
895 1454 930 1482 et
953 1460 974 1481 a
999 1459 1105 1481 manu
1131 1458 1199 1480 sec.
1226 1459 1258 1481 a.
1278 1448 1354 1481 οηὸ

68 1497 191 1530 Aetius
216 1497 307 1529 coni.
332 1492 492 1529 ἀτάκτου.

1384 1412 1416 1433 0.

1385 1459 1416 1480 0.

66 1625 160 1653 certe
175 1619 426 1663 ἐπανερόμενον
444 1624 521 1655 sine
545 1623 704 1654 codicum

64 1666 234 1707 suffragio
270 1679 340 1700 non
384 1670 450 1701 fuit
488 1669 705 1708 mutandum,

67 1714 352 1755 quandoquidem
395 1721 479 1757 post
526 1725 707 1753 num-erum

64 1760 234 1801 pluralem
259 1760 445 1800 ἑλομένους
478 1759 538 1803 τὴν
562 1759 708 1803 ἐκλογὴν

67 1805 244 1837 ποιεῖσθαι
273 1812 368 1839 recte
398 1808 558 1848 profecto
589 1809 708 1849 singu-

66 1853 152 1883 iaris
177 1851 339 1893 infertur,
363 1854 413 1885 ita.
436 1858 474 1885 ut
498 1851 572 1885 τινά
593 1854 708 1885 subie-

67 1902 160 1929 ctum
185 1898 241 1929 sit.
280 1897 389 1931 Cuius
406 1899 578 1941 loquendi
601 1901 708 1932 ratio-

69 1945 123 1976 nis
147 1944 307 1985 exempla
330 1945 376 1977 ad
399 1945 526 1977 librum
550 1947 708 1988 superio-

67 1999 142 2021 rem
166 1989 295 2022 alicubi
326 1991 590 2033 adscripsimus.
637 1991 708 2023 Ne-

69 2046 136 2077 que
160 2036 347 2078 insequens
372 2038 468 2070 istud
492 2035 709 2079 παραλαβόν-

69 2090 128 2114 τας
140 2083 310 2115 eiusmodi
336 2089 399 2123 est,
420 2089 459 2116 ut
478 2086 708 2117 mutationem

65 2130 301 2161 necessariam
326 2140 403 2162 esse
430 2132 578 2164 evincat.

116 2178 202 2207 ταῖς
239 2174 281 2207 δὲ
326 2172 503 2218 ἡδοναῖς
543 2195 584 2201 -
625 2172 708 2208 ἀλλ’

70 2215 92 2261 ἢ
131 2216 309 2264 οὶίγοιε]
351 2223 392 2255 In
430 2223 485 2256 his
521 2221 710 2264 ἐπιτρέπειν

68 2266 229 2300 absolute
254 2270 397 2310 ponitur
411 2270 487 2302 sine
502 2270 710 2311 pronomine

70 2323 99 2343 u
123 2314 178 2346 vel
200 2313 321 2356 μηδὲν,
346 2317 397 2348 ita
428 2322 466 2348 ut
497 2317 543 2348 sit
565 2317 708 2348 locum

71 2361 336 2403 concedere,
362 2364 461 2395 cuius
486 2373 570 2395 usus
592 2373 708 2395 exem-

70 2404 131 2444 pla.
166 2406 395 2441 indicavimus
441 2408 486 2441 ad
496 2408 631 2496 pGorg.
673 2419 707 2450 p.

70 2449 151 2484 512.
175 2451 217 2483 D.
255 2453 355 2496 Reip.
383 2455 470 2488 Υ.ῙΙΙ
520 2455 633 2490 ..551
666 2454 706 2487 C.

70 2495 166 2528 Dein
200 2499 418 2534 scribendum
448 2501 608 2535 videtur·
638 2498 707 2532 ἀλλ’

72 2538 94 2583 ἢ
125 2542 162 2574 ἐν
192 2553 277 2576 τισιν
313 2542 706 2589 61131012.Fieinus:

71 2598 153 2620 non
207 2590 554 2669 '⁰¹¹¹{m‘ibfffl
569 2605 706 2637 neque

72 2635 311 2677 cupiditati
347 2648 397 2672 us
421 2650 508 2674 nisi
538 2639 580 2673 ιὀτ
608 2651 706 2684 pau-

73 2680 134 2713 cis
195 2683 451 2723 quibusdam
514 2691 703 2719 utuntur.

775 1622 956 1653 Herman
968 1631 988 1652 n
1002 1632 1022 1652 u
1034 1631 1049 1652 s
1071 1620 1114 1652 de
1139 1621 1341 1654 coniectura
1358 1622 1416 1654 de·

773 1669 825 1700 dit
849 1663 989 1709 ὀλίγαις.

866 1712 965 1746 κατὰ
996 1711 1068 1744 τὸν
1100 1710 1243 1745 αὐτῶν
1282 1715 1414 1758 νοῦν]

774 1760 831 1793 Sc.
862 1761 928 1791 τῶν
959 1759 1191 1799 δοκιμασιῶν,
1225 1772 1313 1803 quos
1345 1762 1415 1795 ele-

775 1807 904 1848 gerint.
958 1806 1040 1838 Non
1072 1811 1155 1848 puto
1186 1819 1308 1840 verum
1339 1819 1416 1841 esse

775 1854 870 1894 quod
894 1854 1031 1884 invexit
1049 1852 1078 1883 B
1091 1853 1276 1886 ekkerus
1290 1850 1418 1892 αὐτῶν,

776 1900 935 1940 quamvis
964 1899 1150 1939 probatum
1189 1901 1278 1933 illud
1311 1903 1417 1935 etiam

776 1944 1040 1977 Turicensibus.

822 1991 934 2023 πᾶσα
958 1987 993 2021 δ’
1019 1988 1202 2023 ἄτακτος
1225 2003 1272 2033 γε
1298 1989 1416 2033 τάξιν

777 2037 1054 2079 λαβοῦσα-]
1081 2038 1241 2071 Astius
1266 2034 1416 2071 ἀτάκτου

775 2085 1022 2125 corrigendum
1036 2089 1164 2116 censet.
1181 2083 1287 2123 Quod
1297 2096 1416 2128 quam-

775 2131 829 2162 vis
854 2132 1118 2172 sitspeeiosum,
1134 2137 1250 2164 tamen
1274 2133 1417 2165 minime

775 2178 996 2219 probandum
1028 2178 1178 2210 videtur.
1231 2177 1416 2212 Sententia

776 2224 868 2255 enim
900 2224 987 2256 haec
1017 2229 1084 2256 est:
1117 2224 1415 2268 Unaquaeque

777 2271 900 2302 cirea
952 2270 1113 2303 Musam
1176 2273 1414 2314 occupatio

773 2317 1049 2358 inordinata,
1075 2317 1147 2349 ubi
1178 2318 1319 2360 legem
1348 2329 1413 2351 or-

775 2363 1007 2405 dinemque
1028 2365 1411 2405 ac‹·.epit‚etiamsi

774 2419 855 2440 non
886 2410 1068 2442 accedat
1100 2410 1245 2442 dulcis
1270 2411 1411 2452 Musa,

774 2460 914 2487 tamen
960 2457 1092 2498 longe
1142 2458 1303 2490 melior
1345 2463 1411 2491 est

776 2503 894 2543 (quam
923 2507 1039 2543 antea,
1055 2504 1114 2535 ubi
1139 2509 1214 2536 erat
1235 2500 1410 2546 ἄτακτος).

775 2547 1036 2590 Quamquam
1100 2551 1304 2582 suavitas
1363 2561 1411 2583 ac

774 2595 960 2627 dulcedo
1013 2596 1209 2628 omnibus
1257 2597 1412 2630 Musae

773 2641 1013 2682 generibus
1034 2643 1189 2685 utique
1212 2648 1280 2675 est
1303 2654 1410 2676 com-

774 2689 922 2721 munis.
972 2685 1039 2719 Pro
1066 2685 1103 2719 τὸ
1130 2685 1166 2719 δ’
1198 2685 1264 2730 ἡδὺ
1288 2688 1410 2722 κοινὸν

1445 1042 1470 1074 4
1507 1019 1631 1075 ww,-
