1644 2886
268 88 347 128 278

266 204 310 244 δὲ
354 200 485 252 πάλη.

742 83 1111 130 PLATON‘IS

535 202 612 250 τῆς
655 199 868 255 ὀρχήσεως
903 204 947 243 δὲ
984 199 1093 253 ἄλλη
1127 205 1205 256 μὲν
1242 203 1428 257 Μούσης
1473 204 1580 257 λέξιν

265 270 556 322 μιμουμένων,
608 264 656 308 τό
692 282 736 309 τε
780 270 1098 322 μεγαλοπρεπὲς
1141 267 1444 325 φυλάττοντας
1487 269 1580 325 ἅμα

264 339 334 376 καὶ
372 330 774 389 ὲλεύθερον·,ἅλλη
812 335 855 375 δὲ
892 333 1064 385 εὐεξίας,
1097 334 1389 393 ἐλαφρότητός
1425 352 1469 379 τε
1496 340 1580 379 ἕνε-

357 458 640 500 φυλάττοντας
673 459 776 503 aaa]
808 462 910 494 Voss
943 473 976 495 x.
1009 473 1114 510 marg.
1152 462 1406 504 φυλαττόντων,
1436 470 1474 496 ut
1508 464 1583 497 Ste-

263 506 368 547 phan.
394 506 608 538 coniiciebat.

658 506 725 539 Sed
751 518 783 539 v.
809 509 983 549 explicatt.

353 551 394 582 E.
443 551 512 583 καὶ
537 549 745 583 ἐκτάσεως
769 550 1104 595 ἀποδιδομένης]
1132 555 1175 585 A.
1206 552 1299 585 Ω.’”
1270 565 1307 587 aa.
1334 565 1365 586 v.
1392 554 1416 585 f.
1440 563 1471 585 a.
1497 565 1525 586 c.
1550 565 1582 586 o.

267 606 298 626 x.
326 597 389 628 καὶ
414 595 579 628 ἐκτάσεως
604 599 667 629 καὶ
693 597 804 635 αποδ.,
830 599 922 639 quod
947 609 1019 630 cum
1036 599 1196 631 Bekkero
1222 603 1443 641 susceperunt
1467 609 1581 631 recen-

267 686 401 727 vnlgari
436 687 570 718 ratione
607 687 741 719 videtur
770 689 892 720 nonni-

265 731 315 762 hil
352 732 540 763 discedere.
589 733 723 764 Etenim
750 732 808 775 τὴν
834 733 891 775 ὅρ-

264 787 373 818 mciv,
409 778 430 808 i.
469 788 497 809 e.
519 778 769 819 saltationem,
805 790 891 820 quae

263 823 381 854 iuncta
414 828 487 854 erat
521 833 597 854 cum
631 828 703 855 arte
744 826 891 864 scenica,

263 868 370 899 refert
405 869 447 899 ad
485 870 751 909 gymnasticam,
788 879 891 910 quum

263 919 377 944 tamen
403 914 595 953 saltatores,
620 915 725 954 mimi,
753 915 891 946 histrio-

264 968 325 989 nes
358 959 525 999 denique,
551 961 707 991 dieantur
723 961 795 991 fere
822 970 892 991 non

224 1023 227 1026 -
264 1004 310 1035 ad
332 1005 502 1044 gymnica,
526 1006 586 1036 sed
611 1006 654 1036 ad
679 1006 809 1036 musica
834 1006 892 1037 de-

265 1050 442 1081 scendisse
482 1051 679 1082 certamina.
719 1062 749 1082 v.
791 1052 892 1082 etiam

264 1095 374 1136 Legg.
411 1095 460 1125 11.
502 1095 579 1129 658.
639 1098 687 1126 At
733 1097 893 1127 nimirum

266 1150 386 1171 caussa
412 1140 511 1172 huius
545 1141 663 1172 iudicii
694 1143 893 1182 neutiquam

268 1190 320 1217 est
352 1186 509 1217 obscura.
541 1186 675 1217 'Facile
704 1189 793 1219 enim
816 1197 893 1227 per—

266 1232 379 1272 spexit
402 1231 644 1272 philosophus‚
676 1233 893 1264 saltationem

265 1277 453 1316 mimicam,
500 1278 633 1308 etiamsi
677 1279 722 1309 ad
743 1278 893 1309 -musiea

266 1322 453 1353 certamina
514 1323 718 1363 pertineret,
766 1328 893 1363 tamen,

267 1372 435 1408 quatenus
461 1369 616 1409 corporis
640 1369 788 1400 motibus
805 1370 893 1400 nite·

264 1417 375 1451 retur,
404 1414 485 1443 item
520 1413 640 1445 referri
676 1415 720 1446 ad
753 1425 893 1455 gymna-

265 1459 384 1489 sticam
420 1469 532 1499 posse.
590 1459 696 1490 Cuius
731 1460 892 1500 quoniam

265 1504 333 1534 duo
373 1513 501 1543 genera
537 1504 713 1544 distinxit,
749 1505 893 1536 alterurn

265 1548 358 1588 quod
382 1549 427 1580 ad
452 1559 555 1580 unum
572 1551 725 1590 corporis
740 1551 844 1581 robur
862 1554 894 1580 et

265 1594 456 1633 agilitatem
475 1595 613 1634 valcret,
638 1595 782 1626 alterum
800 1595 894 1635 quod

263 1640 466 1680 generosius
503 1640 664 1680 quiddam
700 1645 733 1670 et
763 1640 893 1680 magni-

265 1684 423 1715 ficentius
438 1689 622 1726 spectaret,
638 1686 721 1721 fieri,
738 1685 893 1726 profecto

267 1739 338 1760 non
377 1731 506 1770 potuit,
546 1732 628 1771 quin
669 1731 780 1765 luctae
821 1735 894 1762 tan-

267 1785 368 1815 quam
384 1785 402 1805 e
420 1776 563 1815 regione
578 1782 722 1816 poneret
738 1776 893 1807 saltatio-

267 1830 344 1850 nem
370 1821 547 1854 mimicam.
583 1821 744 1863 Qeterum
767 1822 810 1852 de
830 1821 895 1852 sal-

266 1866 397 1897 tatione
447 1867 682 1898 disseruerunt
720 1865 761 1899 G.
796 1867 896 1898 Her-

267 1921 444 1943 mannus
477 1912 521 1943 ad
554 1913 699 1944 Aristot.
734 1911 830 1943 Poe't.
862 1922 894 1952 p.

267 1956 312 1989 90
349 1967 411 1997 sqq
451 1954 640 1989 Boeck'h.
690 1958 744 1988 De
780 1957 896 1988 metris

267 2001 412 2033 Pindari
450 2013 471 2042 p
522 2002 598 2035 271.
639 2014 690 2044 sq.
750 2002 897 2033 Thier-

268 2047 418 2078 schius
455 2048 593 2081 Einleit.
633 2045 660 2081 ΖΞ
694 2048 832 2079 Pindar.
867 2058 898 2088 p.

267 2092 313 2126 64
348 2103 424 2134 sqq.
482 2093 652 2125 Krause
695 2093 897 2134 Gymnastik

269 2139 331 2169 der
367 2139 539 2170 Hellenen
580 2139 734 2172 Volsll.
773 2149 804 2179 p.
832 2138 898 2172 810

271 2193 347 2224 sqq.

314 2225 357 2257 τὸ
383 2226 426 2259 δὲ
451 2226 570 2269 πάλη]
596 2228 712 2260 Facile
738 2229 813 2268 quis
835 2228 896 2259 mi-

269 2277 374 2311 retur,
400 2274 491 2314 quod
516 2276 590 2306 sola
616 2272 700 2315 πάλη
732 2278 896 2314 tanquam

268 2319 377 2350 altera
399 2329 477 2360 pars
510 2321 742 2361 gymnasticae
766 2329 892 2350 memo-

268 2369 382 2404 ratur,
417 2375 519 2405 quum
554 2371 668 2396 tamen
704 2365 748 2396 ad
784 2365 896 2406 ipsam

269 2410 495 2449 pertinuerint
536 2411 650 2442 omnia
691 2410 766 2449 illa,
810 2419 896 2450 quae

269 2455 518 2487 Simonides
553 2460 708 2487 recenset
739 2455 775 2485 in
811 2455 895 2496 Epi-

266 2504 452 2539 grammate
477 2501 620 2533 Anthol.
658 2500 781 2532 Graec.
807 2500 836 2533 Ι.
861 2511 893 2541 p.

270 2546 345 2579 752.
375 2547 434 2579 ed.
469 2546 603 2578 Iacobs.
663 2544 796 2583 ’Ἰσθμια
841 2546 894 2576 καὶ

272 2589 395 2622 Πυθοῖ
422 2589 570 2632 Διοφῶν
596 2590 615 2622 0¹
647 2590 796 2622 Φίλωνος
829 2589 892 2621 ἑνί-

271 2647 311 2666 κη
353 2633 466 2675 ”Algam
516 2636 719 2678 ποδωκείην,
769 2634 893 2667 δίσκον,

960 689 1100 725 ἄκοντα,
1130 687 1244 730 πάλην.
1292 690 1340 719 At
1372 690 1462 720 enim
1492 689 1584 721 lucta

960 734 1064 775 vulgo
1090 734 1278 766 habebatur
1295 744 1356 774 pro
1373 739 1467 776 parte
1482 735 1584 775 longe

960 780 1163 820 gravissima
1192 781 1343 811 universi
1374 781 1585 821 quinquertii

961 835 986 858 s.
1014 822 1221 862 πεντάθλου,·
1245 825 1464 866 quamobrem
1482 827 1584 857 etiam

959 875 1032 902 tota
1079 881 1132 902 res
1184 872 1396 911 gymnastico.
1444 872 1584 902 nomine

961 917 1018 956 τῆς
1042 914 1146 956 πάλης
1170 917 1225 946 vel
1260 916 1320 946 τοῦ
1353 916 1502 947 παλαίειν
1526 917 1583 955 dess

959 961 1090 1000 signari
1135 961 1283 1000 solebat,
1327 962 1428 992 sicuti
1467 962 1583 1001 paullo

958 1011 1038 1037 ante
1070 1006 1165 1037 aliud
1190 1010 1331 1046 agentes
1361 1007 1584 1038 ostendimus.

964 1051 1039 1082 Hoc
1072 1052 1177 1091 igitur
1202 1056 1366 1091 sequutus
1385 1051 1483 1083 Plato
1506 1061 1583 1092 par—

961 1102 1027 1127 tem
1052 1097 1285 1137 gymnasticae
1310 1106 1395 1135 eam,
1421 1107 1508 1137 quae
1524 1098 1584 1127 mi-

960 1142 1066 1172 micae
1101 1142 1276 1173 saltationi
1302 1147 1391 1173 esset
1414 1143 1585 1183 opposita,

962 1188 1020 1228 τῆς
1044 1184 1150 1228 πάλης
1172 1189 1310 1219 nomine
1334 1188 1499 1227 insignire
1517 1197 1584 1219 non

960 1232 1139 1264 dubitavit.

1005 1277 1045 1308 E.
1095 1275 1272 1318 Μούσης
1303 1276 1413 1316 λέξιν
1441 1287 1585 1316 μιμου-

959 1321 1113 1364 μένων]
1139 1323 1306 1363 Intelligit
1334 1333 1406 1361 eos,
1430 1324 1486 1363 qui
1512 1332 1586 1353 car-

960 1369 1055 1400 mina
1089 1373 1270 1409 poetarum
1302 1369 1438 1399 mimica
1483 1368 1585 1398 salta-

961 1414 1057 1445 tione
1088 1414 1282 1454 exprimunt
1318 1417 1351 1444 et
1387 1422 1585 1453 repraesen-

960 1464 1047 1490 tant
1105 1459 1195 1490 Nam
1235 1455 1380 1511 Μούσης
1414 1457 1500 1497 λέξις
1535 1462 1587 1488 est

962 1506 1106 1544 ποιησις,
1135 1504 1255 1535 crebra
1277 1505 1312 1534 in
1337 1504 1389 1535 his
1413 1504 1512 1534 libris
1537 1504 1586 1534 lo-

961 1549 1087 1590 quendi
1111 1551 1255 1581 ratione.

1007 1591 1050 1623 τό
1084 1604 1124 1624 τε
1161 1592 1478 1634 μεγαλοπρεπὲς
1515 1604 1584 1632 φυ-

961 1637 1198 1679 λάττοντας]
1220 1639 1436 1678 Expectabas
1463 1639 1585 1677 φυλατ-

961 1682 1088 1715 τόντων
1110 1685 1164 1715 vel
1190 1682 1415 1723 φυλάττουσα,
1442 1693 1586 1724 quorum

960 1731 1160 1761 alterutrum
1184 1729 1379 1770 requirebat
1403 1727 1427 1759 S
1438 1733 1452 1758 t
1462 1739 1479 1759 e
1489 1739 1509 1769 p
1519 1729 1539 1759 h
1551 1739 1586 1760 a-

961 1786 1048 1806 nus.
1080 1775 1126 1805 Et
1153 1774 1399 1814 φυλαττόντων,
1425 1775 1460 1804 in
1480 1784 1586 1814 marg.

963 1821 1172 1860 adscriptum
1207 1820 1309 1851 habet
1344 1820 1454 1850 codex
1482 1819 1584 1850 Voss.

963 1866 1032 1897 Sed
1062 1866 1133 1896 noli
1166 1866 1321 1896 dubitare
1352 1865 1393 1896 de
1428 1864 1587 1904 vulgatae

962 1911 1120 1942 lectionis
1157 1912 1311 1942 veritate.
1360 1910 1586 1941 Accusativus

963 1958 1052 1989 enim
1078 1966 1138 1996 per
1162 1955 1392 1987 anacoluthon
1428 1955 1586 1994 infertur,

961 2002 1104 2043 perinde
1129 2011 1168 2032 ac
1197 2002 1225 2032 si
1250 2002 1470 2036 antecesserit
1489 2000 1586 2031 Μού-

964 2056 1025 2088 σης
1055 2045 1142 2085 λέξιν
1174 2046 1347 2084 μιμεῖσθαι·
1371 2046 1432 2086 (sc.
1467 2044 1585 2084 ἑστίνϊ,

962 2093 1064 2124 modo
1096 2092 1285 2134 infinitivo,
1311 2091 1364 2122 cui
1395 2093 1463 2123 iam
1495 2096 1587 2122 recte

963 2138 1182 2178 subiungitur
1211 2134 1453 2177 φυλάττοντας,
1481 2146 1586 2177 quan-

962 2184 1147 2223 doquidem
1173 2193 1205 2213 τε
1229 2179 1297 2214 no'n
1326 2183 1478 2213 annectit
1502 2182 1587 2212 haec

961 2229 1066 2259 verba
1091 2227 1334 2268 superioribus,
1359 2229 1420 2259 sed
1441 2237 1586 2267 respon-

960 2275 1017 2305 det
1034 2271 1147 2315 potius
1172 2274 1394 2312 consequenti
1409 2274 1472 2303 καί.
1498 2272 1586 2303 Nam

961 2319 1053 2360 quod
1079 2319 1200 2350 vocula
1223 2318 1314 2348 inter
1348 2319 1529 2350 articulum
1554 2321 1587 2348 et

961 2374 1085 2395 nomen
1131 2364 1310 2394 interiecta
1359 2368 1428 2403 est,
1485 2373 1586 2404 quum

960 2419 1042 2441 usus
1072 2409 1247 2450 postulare
1278 2408 1436 2441 videatur
1470 2406 1507 2439 τὸ
1531 2418 1585 2446 με·

962 2453 1168 2495 γαλοπρεπέε
1214 2465 1256 2492 τε,
1302 2455 1341 2485 id
1388 2455 1585 2494 neutiquam

961 2510 1092 2538 rarum,
1126 2510 1155 2532 v.
1182 2499 1225 2530 ad
1251 2499 1383 2531 Criton.
1408 2511 1441 2540 p.
1465 2498 1519 2532 43.
1543 2497 1583 2528 Β.

961 2550 994 2576 et
1017 2546 1106 2576 intra
1130 2555 1162 2585 p.
1184 2544 1259 2578 796.
1286 2544 1330 2576 D.
1353 2545 1475 2586 Itaque
1498 2543 1586 2574 falsa>

960 2594 1039 2622 sunt
1063 2591 1215 2629 omnino,
1240 2600 1325 2631 quae
1352 2590 1505 2622 Astius
1529 2589 1585 2619 hic

961 2637 1001 2667 de
1039 2636 1200 2675 antiptosi
1230 2636 1346 2668 Attica
1380 2632 1584 2675 disputavit:
1636 2650 1638 2652 -
