1644 2886
261 104 342 142 342

260 213 350 246 cibus
383 213 520 246 reddere
550 227 576 248 s.
611 215 818 257 responderq
840 215 892 246 ὶιι-

260 263 311 290 ter
334 269 368 290 se
399 258 524 296 iubere,
553 259 602 290 ita
629 264 663 290 ut
687 259 755 291 sint
785 259 892 292 utrin-

262 314 324 344 que
363 313 531 335 conanae.
591 304 763 336 Nimirum
799 306 893 345 lyrae

263 353 399 379 cantum
434 355 700 381 consentaneum
732 355 785 381 est
817 352 893 382 voci

264 394 418 424 canentis
442 395 653 433 respondere
671 405 711 426 ac
735 397 893 426 vicissim.

265 436 361 474 Quae
390 439 632 479 interpretatio
666 450 706 471 eo
739 446 792 472 est
822 451 893 471 cer-

262 484 342 522 tior,
367 484 461 523 quod
488 482 679 526 πρόςχορδα
700 496 769 517 non
791 486 894 517 modo

264 532 315 558 est
339 527 471 559 chordis
495 540 654 569 consona,
678 531 724 562 ad
750 530 894 562 chordas

264 571 505 611 convenientia,
533 576 591 605 sed
617 577 756 606 omnino
781 585 840 607 con
861 585 894 606 ο-

263 628 323 657 na,
354 622 444 648 utne
466 619 510 650 ad
540 622 729 660 zeugmatis
754 621 894 661 quidem

263 662 410 702 figuram
424 665 692 705 confugiendum
707 667 767 703 sit3
785 665 891 706 φθέγ-

264 718 347 744 ματα
379 713 492 740 autem
530 711 615 741 nihil
661 712 755 742 alind
788 710 893 750 signi-

265 753 345 783 ficat
376 764 474 794 quam
505 761 743 796 antegressum
776 753 892 796 φθόγ-

265 808 334 838 γοι,
361 800 453 838 qnod
480 806 615 831 constat
640 802 796 841 usurpari
822 811 893 831 om-

263 844 348 874 nino
374 844 415 874 de
438 844 528 875 sonis
551 849 582 877 et
606 846 734 877 uocibus
763 845 894 877 musicis

263 887 418 930 (K‘aug,
456 888 564 932 Ίόη),·
599 893 689 922 unde
725 892 892 922 Aristo-

263 943 353 963 xen.
391 944 422 973 p.
460 935 513 967 15.
550 941 583 966 et
617 935 892 967 Gaudentius

264 988 294 1017 p.
339 978 369 1010 3.
413 977 577 1019 φθόγγον
622 982 894 1021 interpretantur

265 1023 385 1063 φωνῆς
411 1025 535 1054 πτῶσιν
560 1024 611 1055 ἐπὶ
631 1029 708 1064 μίαν
735 1025 837 1062 τάσιν,
862 1031 896 1056 et

241 1078 246 1080 “
267 1069 450 1099 Aristid.
478 1081 509 1110 p.
531 1070 561 1102 9.
589 1072 710 1112 φωνῆς
733 1070 896 1109 ἐμμελοῦς

261 1112 364 1154 μέρος
398 1112 578 1154 ἐλάχιστον.
632 1117 670 1148 In
708 1117 774 1147 hoc
810 1127 894 1147 vero

262 1159 423 1189 cantandi
439 1163 579 1200 negotio
600 1167 764 1203 tanquam
783 1161 894 1192 utilis-

262 1204 367 1235 simus
401 1207 660 1238 commendatur
692 1210 785 1247 lyrae
811 1217 893 1237 usus

260 1254 402 1290 propter
442 1251 649 1283 chordarum
691 1253 892 1284 claritatem.

262 1293 364 1331 Quod
418 1295 567 1327 fortasse
623 1298 724 1328 alicui
771 1298 893 1328 mirum

261 1340 411 1378 accidat,
469 1344 632 1382 quoniam
679 1343 893 1374 citharistam

263 1385 379 1424 potius
403 1386 536 1418 cithara
563 1398 664 1428 quam
680 1389 754 1428 lyra
772 1389 894 1419 decere

263 1430 432 1464 videatur,
491 1432 536 1462 Et
578 1433 643 1463 fuit
682 1438 772 1464 certe
807 1439 894 1464 teste

261 1475 464 1507 Aristide
489 1478 670 1512 Quintil.
706 1478 760 1509 De
785 1479 892 1509 Musi-

261 1529 301 1550 ca
323 1530 356 1560 p.
385 1521 460 1554 101.
489 1523 719 1554 etPlatone
739 1524 790 1554 De
805 1523 890 1563 Rep.

262 1564 317 1595 ΙΙΙ.
345 1576 378 1605 p.
400 1566 477 1599 399.
501 1566 539 1597 C.
556 1569 696 1608 aliquod
713 1569 893 1608 utriusque

260 1610 462 1650 discrimen,
489 1612 531 1642 de
557 1622 623 1652 quo
655 1618 891 1653 exposuerunt

259 1653 468 1696 Scaliger.
507 1658 550 1687 ad
584 1658 709 1689 Manil.
743 1658 778 1690 V.
810 1657 888 1690 318.

258 1698 532 1740 Spauhem.ad
550 1701 885 1743 Calliniacl1.Hymn.

258 1746 293 1775 in
326 1745 402 1778 Del.
439 1757 467 1778 v,
501 1747 579 1780 253.
634 1748 890 1779 Perizonius

257 1790 301 1821 ad
317 1792 390 1821 Ael.
412 1791 760 1826 Va1·r.Hist.lll.32.
789 1792 817 1824 G
832 1804 889 1825 es-

258 1844 386 1866 nerus
411 1837 454 1867 ad
481 1835 611 1877 Orphei
639 1840 833 1878 Argonaut.
860 1850 890 1869 v.

253 1879 334 1913 380.
364 1887 397 1911 et
429 1881 596 1913 Forkel.
634 1883 766 1914 Histor.
798 1884 890 1915 Mus.

258 1925 334 1956 Vol.
358 1927 386 1957 Ι.
408 1936 438 1966 p.
457 1927 532 1960 200.
555 1939 606 1969 sq.
634 1930 692 1968 qui
720 1939 782 1960 sua
806 1929 889 1959 hau-

256 1971 301 2000 sit
336 1981 377 2002 ex
415 1971 599 2004 Buretto
636 1974 738 2005 Mem.
779 1975 887 2006 Acad.

256 2015 365 2048 lnscr.
387 2016 427 2049 T.
450 2017 503 2048 lV.
520 2028 551 2058 p.
567 2019 631 2052 116
644 2029 694 2059 sq.
720 2021 769 2050 At
787 2020 888 2050 nimi-

255 2070 329 2091 rum
360 2063 557 2094 meminisse-
589 2064 752 2095 debemus
788 2074 886 2095 usum

254 2108 432 2147 utriusque
445 2108 665 2140 instrumenti
678 2109 766 2140 adeo
779 2109 886 2141 fuisse

256 2153 504 2193 promiscuum,
542 2159 578 2185 ut
611 2164 681 2186 non
714 2155 817 2186 modo
843 2155 885 2186 ab

253 2196 432 2228 inferioris
475 2200 600 2230 aetatis
645 2200 884 2240 scriptoribus,

254 2242 312 2272 sed
339 2243 442 2273 etiam
458 2243 500 2274 ab
525 2245 782 2284 antiquioribus
801 2246 884 2276 alte-

253 2297 325 2317 rum
352 2297 414 2328 pro
446 2288 556 2319 altero
587 2296 882 2321 commemoretur.

254 2330 361 2364 Cuius
378 2333 426 2363 rei
452 2333 585 2365 illustre
611 2336 801 2375 exemplum
823 2345 880 2366 ex-

253 2382 302 2408 tat
326 2378 360 2408 in
394 2379 683 2420 Aristophan.
710 2379 824 2412 Nubb.
852 2392 882 2410 v.

252 2421 403 2455 1360.de
419 2432 487 2463 quo
504 2422 669 2464 legendus
685 2429 736 2455 est
750 2424 773 2456 S
785 2435 880 2465 pan·

250 2467 350 2498 hem.
377 2467 608 2502 commentar.
624 2470 718 2510 Lips.
747 2469 820 2501 Vol.
841 2470 878 2500 ll.

250 2522 280 2551 p.
307 2511 383 2546 435.
418 2516 511 2545 extat
543 2516 623 2546 item
657 2516 747 2556 apud
782 2515 878 2546 Pla-

248 2562 390 2588 tonem
425 2558 630 2600 Euthydcm.
663 2571 694 2600 p.
727 2559 802 2593 289.
839 2560 875 2592 C.

249 2602 302 2632 ubi
344 2608 567 2645 posteaquam
602 2606 643 2635 ile
679 2605 876 2636 discrimine

248 2658 305 2675 ron
337 2659 367 2678 re
394 2652 502 2680 ποιεῖν
529 2660 553 2678 Π
583 2651 633 2679 καὶ
661 2650 718 2679 rof
746 2648 875 2680 inlam-

732 105 1106 150 PLATONlS

964 219 1045 249 σθαι
1078 219 1226 260 χρῆσθαι
1258 219 1386 261 τούτῳ,
1421 219 1439 251 ὃ
1474 218 1515 252 ἄν
1549 229 1594 252 us

963 264 1057 303 ποιῇ,
1092 264 1299 304 explicatum
1328 270 1397 304 est,
1432 266 1594 320 deinceps

961 309 1182 360 subiungitur
1220 309 1367 350 exempli
1408 319 1528 342 causa·
1575 322 1594 351 η

962 350 1026 393 γὰρ
1050 352 1248 395 λυροποιϊκὴ
1272 365 1325 386 και
1339 351 1358 395 ἠ
1378 354 1593 396 κιθαριστικὴ

963 396 1048 428 πολὺ
1093 398 1293 440 διαφέρετον
1336 396 1509 441 ἀλλήλοινι
1559 406 1596 431 ut

962 443 1181 476 manifestum
1210 446 1272 485 sit,
1310 445 1358 475 ibi
1388 446 1497 477 altero
1534 454 1594 476 no-

962 489 1053 520 mine
1072 495 1180 521 artem
1198 489 1274 531 lyra
1298 491 1456 530 canendi,
1480 491 1594 522 altero

962 539 1070 564 artem
1100 535 1192 575 lyras
1225 535 1430 566 conficiendi
1461 535 1595 576 signifi-

963 579 1045 611 cari.
1092 578 1265 616 Quocirca
1293 580 1325 610 Η
1340 589 1358 610 e
1371 590 1386 611 s
1400 590 1420 621 y
1433 590 1451 611 c
1463 581 1484 611 h
1498 582 1506 611 i
1521 591 1543 611 u
1557 591 1593 611 s:

963 621 1098 664 Λύρα·
1121 622 1259 666 κιθάρα.
1275 635 1315 656 ac
1336 626 1487 656 vicissim
1503 624 1594 656 Sui-

963 669 1055 700 das:
1081 668 1267 711 Κιθάρα·
1299 667 1449 711 ὄργανον
1472 679 1593 709 μουσι-

962 713 1034 750 κόν,
1062 711 1198 755 &Motu
1227 718 1319 746 recte
1345 715 1482 755 quidem
1502 720 1594 746 uter-

962 769 1039 799 que.
1058 759 1186 800 ‘Itaque
1208 761 1260 792 his
1285 761 1479 801 explanatis
1496 769 1594 801 aper-

944 809 1032 834 -tum
1057 814 1132 836 esse
1155 810 1334 845 putamus,
1359 805 1591 836 commendari

960 858 981 880 a.
1004 849 1216 891 philosopho
1238 851 1326 882 hanc
1350 851 1531 889 rationem,
1557 855 1595 881 ut

960 893 1138 926 citharista
1171 896 1327 927 cantibus
1358 895 1401 927 ab
1434 905 1496 936 eo,
1534 896 1593 935 qui

961 940 1084 970 modos
1109 940 1243 980 fecerit,
1267 941 1490 981 praescriptis
1516 944 1549 971 et
1573 950 1594 972 a

960 993 1068 1024 puero
1094 985 1268 1017 discendis
1294 994 1468 1017 consonos
1491 986 1594 1025 plane

961 1035 995 1059 et
1028 1037 1258 1069 congruentes
1295 1031 1464 1070 adiungat
1498 1031 1594 1070 lyrae

962 1078 1100 1112 cantuS,
1134 1085 1203 1115 quo
1241 1076 1365 1107 certius
1391 1084 1432 1107 ac
1456 1075 1593 1106 facilius

960 1119 1003 1150 ab
1038 1119 1102 1150 hoc
1136 1120 1287 1161 rhythmi
1318 1124 1352 1151 et
1390 1121 1593 1152 harmoniae

962 1165 1206 1196 condiscantur
1242 1165 1447 1206 penitusque
1476 1166 1592 1197 animo

962 1210 1174 1241 hauriantur.
1209 1210 1392 1250 Pergimus
1417 1211 1524 1251 igitur
1548 1211 1593 1242 ad

961 1255 1137 1295 proxima,
1186 1256 1310 1296 quibus
1351 1255 1592 1287 describuntur

962 1301 1169 1331 musicorum
1213 1306 1306 1332 artes
1342 1301 1392 1332 illi
1429 1301 1591 1332 instituti-

961 1346 1037 1376 onis
1073 1355 1112 1376 ac
1142 1346 1346 1386 disciplinae
1377 1347 1590 1386 simplicitati

960 1391 1175 1429 contrariae;
1205 1400 1290 1431 quas
1316 1391 1454 1431 quidem
1479 1391 1586 1431 philo-

959 1435 1048 1475 plius
1084 1436 1158 1466 vult
1186 1436 1222 1466 in
1258 1437 1373 1477 pueris
1408 1436 1451 1467 ad
1483 1441 1591 1468 artem

959 1481 1123 1511 musicam
1149 1481 1348 1513 erudiendis
1374 1481 1494 1512 sedulo
1519 1483 1590 1512 evi·

959 1527 1035 1556 tari.
1082 1526 1270 1557 Enimvero
1295 1530 1457 1566 coeperat
1480 1528 1589 1557 omni-

959 1579 1003 1600 no
1036 1580 1092 1601 ars
1123 1572 1255 1602 musica
1286 1571 1445 1603 Platonis
1478 1576 1591 1603 aetate

958 1624 977 1645 a
1002 1616 1149 1654 pristina
1181 1616 1401 1656 simplicitate
1434 1626 1497 1647 sua
1526 1618 1589 1647 mi-

958 1669 1032 1690 rum
1057 1664 1220 1700 quantum
1246 1662 1458 1700 degenerare
1484 1671 1589 1701 quum

957 1705 1044 1735 alias
1087 1706 1130 1736 ob
1175 1714 1332 1744 caussas,
1373 1710 1445 1736 tum
1485 1707 1588 1737 etiam

957 1750 1054 1788 ideo,
1092 1751 1174 1790 quia
1211 1750 1378 1791 artifices,
1421 1751 1480 1791 qui
1514 1761 1587 1782 eam

959 1794 1184 1833 factitabant,
1210 1796 1364 1827 studiose
1389 1805 1488 1836 quam
1517 1806 1589 1827 ma-

958 1840 1085 1871 ximam
1111 1844 1283 1879 cantuum,
1309 1841 1374 1872 hoc
1389 1845 1452 1880 est,
1468 1840 1586 1881 rhyth-

959 1886 1004 1915 mi
1051 1885 1180 1925 pariter
1222 1889 1325 1925 atque
1373 1885 1585 1925 harmoniae,

959 1930 1160 1964 varietatem
1208 1931 1465 1972 quaeritabant,
1517 1941 1586 1971 quo

957 1976 1065 2016 magis
1091 1976 1223 2007 scilicet
1246 1976 1428 2007 titillandis
1446 1976 1587 2008 auribus

955 2020 1184 2052 inserviretur
1229 2021 1443 2052 audientium
1489 2022 1584 2052 volu-

953 2066 1052 2105 ptati.
1099 2066 1152 2097 De
1187 2075 1257 2106 qua
1279 2075 1317 2097 re
1349 2065 1451 2098 Plato
1485 2067 1583 2099 iuxta

954 2120 1030 2141 cum
1074 2112 1152 2142 aliis
1197 2111 1384 2142 identidem
1431 2112 1585 2151 graviter

953 2157 1187 2197 conqueritur,
1213 2156 1318 2187 veluti
1346 2155 1398 2187 De
1422 2155 1507 2196 Rep.
1531 2157 1582 2188 Vl.

952 2210 985 2240 p.
1008 2200 1086 2234 493.
1115 2204 1153 2233 A.
1186 2211 1265 2242 sqq.
1296 2199 1404 2241 Gorg.
1438 2201 1515 2234 501.
1542 2203 1581 2234 E.

953 2256 981 2284 p.
1009 2246 1085 2279 502.
1110 2246 1151 2278 B.
1177 2245 1285 2286 Legg.
1314 2245 1352 2276 ll.
1376 2256 1409 2286 p.
1434 2245 1512 2279 655.
1538 2246 1582 2277 D.

951 2290 1071 2332 Itaque
1096 2292 1295 2331 neutiquam
1310 2295 1362 2321 est
1375 2291 1582 2329 mirandum,

953 2337 1046 2376 quod
1077 2338 1179 2369 ctiam
1207 2336 1251 2367 ad
1284 2336 1451 2375 puerilem
1484 2337 1582 2367 insti-

951 2382 1119 2412 tutionem
1154 2381 1312 2412 traducta
1347 2385 1426 2411 sunt
1463 2381 1581 2413 istius-

950 2426 1041 2457 modi
1064 2427 1220 2458 artificia.
1249 2425 1345 2463 Quae
1370 2426 1488 2466 qualia
1509 2426 1581 2458 fue—

948 2472 1016 2501 rint
1048 2472 1210 2512 quonia'm
1237 2471 1302 2503 hoc
1331 2471 1409 2502 loco
1439 2481 1579 2504 accura-
1609 2510 1612 2514 ⁸

947 2516 1015 2547 tius
1045 2516 1248 2555 edocemur,
1286 2516 1391 2547 verba
1422 2517 1580 2557 profecto

947 2561 1149 2601 dignissima
1184 2567 1279 2601 sunt,
1322 2570 1408 2602 quae
1450 2570 1578 2602 expen-

945 2605 1069 2636 dantur
1087 2616 1187 2646 quam
1209 2605 1485 2647 diligentissime.
1500 2606 1580 2640 Hoc

943 2655 1054 2682 autem
1072 2659 1109 2681 utv
1125 2657 1217 2684 verta
1243 2651 1377 2685 ratione
1403 2650 1476 2682 fieri
1495 2662 1557 2692 pos
1570 2669 1579 2673 -
