1644 2886
457 81 538 124 DE
573 78 848 124 LEGIBUS
879 86 962 122 etc.
1219 76 1402 120 XXXV

50 204 99 239 ut
126 211 179 238 ex
208 196 431 239 elementis
462 195 531 238 vel
555 194 731 237 Derieis
762 193 832 236 vel
861 192 1025 236 Atticis
1055 193 1114 234 sit
1142 193 1401 247 composita.

47 254 221 311 Quippe
259 253 304 295 id
343 253 486 310 ipsum
525 252 610 294 iam
653 258 782 293 antea
819 249 1107 293 intelleximus
1153 249 1326 291 Platoni
1357 248 1402 290 in

48 311 112 353 his
156 310 278 354 libris
316 309 557 353 scribendis
594 309 708 351 inter
737 308 823 350 alia
851 308 986 350 fuisse
1016 307 1310 364 propositum,
1355 314 1402 348 ut

47 369 269 411 luculento
309 368 456 423 aliquo
495 366 691 423 exemplo
721 364 912 419 doceret,
953 365 1069 407 facto
1109 364 1280 407 demum
1333 379 1401 406 sa-

48 426 187 482 pienti
227 425 502 482 ingeniorum
546 425 710 481 pariter
745 429 876 476 atque
913 422 1059 478 legum
1103 429 1147 465 et
1176 421 1399 464 instituto-

48 499 141 525 rum
181 484 295 525 inter
334 481 529 525 Graecas
575 490 728 538 gentes
778 480 1019 536 vigentium
1058 485 1402 536 temperamento

47 540 186 582 videri
227 539 343 582 effici
383 554 536 596 posse,
580 540 629 579 u't
668 536 769 579 olim
807 535 1001 592 perfecta
1039 536 1188 591 aliqua
1230 535 1399 590 civitas,

49 613 160 653 quae
193 596 247 638 ad
266 598 438 638 virtutis
459 611 588 650 quam
617 594 827 635 maximae
856 592 1029 634 laudem
1060 593 1304 647 accederet,
1336 609 1401 636 re·

48 670 152 696 vera
191 654 556 706 constitueretur,
596 651 743 693 iuncta
781 666 879 692 cum
920 666 1086 692 morum
1138 650 1400 693 Doricorum

47 712 258 767 gravitate
289 710 432 766 legum
462 715 505 751 et
534 709 832 751 institutorum
858 708 1104 749 Atticorum
1134 707 1402 750 humanitate

48 782 92 811 et
143 768 367 824 sapientia.
452 766 545 808 Iam
583 781 687 808 vero
739 764 864 807 Plato
916 764 1231 807 Atheniensem
1261 765 1399 818 illum,

47 840 174 881 quem
212 824 496 867 disserentem
532 823 659 878 fecit,
703 821 821 878 quod
860 837 948 864 non
992 830 1114 864 certo
1144 822 1291 877 aliquo
1321 838 1399 864 no-

47 882 159 925 mine
196 881 423 938 insignivit
464 893 539 922 aut
573 880 762 923 moribus
794 880 965 921 ornavit
995 880 1183 936 propriis
1215 880 1397 936 quibus-

47 939 145 981 dam
186 954 237 988 ac
282 938 599 995 peculiaribus,
644 938 803 993 quibus
847 937 1007 979 certius
1049 936 1398 994 dignosceretur,

46 998 91 1039 in
129 1012 180 1039 eo
220 996 415 1053 profecto
455 995 628 1037 minime
672 995 754 1036 fuit
791 993 1072 1036 haerendum.
1142 995 1243 1037 Nisi
1284 995 1399 1045 forte

48 1055 176 1096 etiam
215 1055 260 1096 in
301 1068 351 1095 eo
381 1052 602 1107 offendas,
643 1051 761 1107 quod
800 1051 844 1093 in
875 1051 1062 1095 Politico
1105 1058 1150 1093 et
1188 1051 1249 1095 So
1284 1051 1400 1094 hista

47 1111 202 1167 hospes
241 1111 313 1153 ille
343 1110 591 1163 Eleaticus,
631 1110 706 1164 qui
735 1109 962 1165 primarias
993 1109 1053 1151 ibi
1085 1108 1219 1152 habet
1280 1110 1400 1166 ispu-

44 1168 166 1210 tandi
194 1174 363 1224 partes,
405 1173 481 1209 aut
520 1167 740 1220 Timaeus,
775 1166 1055 1208 Parmenides
1088 1174 1132 1208 et
1172 1167 1398 1219 Philebus,

47 1226 123 1281 qui
159 1226 205 1267 in
245 1223 576 1282 cognominibus
617 1223 802 1280 dialogis
851 1224 1038 1266 oratoris
1074 1224 1266 1280 primarii
1306 1240 1399 1266 mu-

45 1297 148 1325 nere
187 1282 448 1339 funguntur,
489 1281 648 1323 omissa
699 1281 966 1323 accuratiore
1007 1296 1173 1323 morum
1205 1288 1249 1323 et
1279 1281 1399 1339 inge-

45 1339 212 1382 niorum
252 1339 362 1395 ipsis
402 1338 678 1394 propriorum
725 1339 950 1380 notatione
984 1337 1222 1393 *loquentes
1260 1339 1397 1381 intro-

10 1435 13 1443 ,
46 1395 275 1440 ducuntur.
342 1396 579 1438 Enimvero
622 1394 677 1437 ad
724 1405 814 1437 rem
852 1403 1126 1450 praesentem
1167 1402 1286 1439 certe
1329 1411 1398 1438 sa-

46 1454 101 1496 tis
159 1454 243 1496 fuit
305 1453 514 1495 nominari
567 1452 906 1508 Atheniensem,
968 1459 1015 1494 ut
1070 1453 1210 1495 critici
1268 1454 1399 1496 etiam

45 1520 204 1553 temere
251 1511 464 1554 curiosius
510 1510 851 1565 anquisiverint,
905 1510 1105 1565 quisnam
1146 1510 1218 1552 ille
1268 1512 1396 1553 intel—

47 1567 244 1624 ligendus
303 1568 375 1610 sit.
452 1566 727 1622 Quamquam
789 1583 875 1609 non
932 1567 1080 1623 inepte
1149 1567 1399 1611 Scholiasta

48 1625 102 1667 ad
122 1625 261 1682 Legg.
281 1625 316 1667 I.
347 1625 404 1667 in.
435 1640 488 1666 ex
521 1625 639 1667 Libr.
672 1624 728 1666 V.
762 1641 803 1681 p.
836 1626 930 1666 739.
962 1624 1012 1667 B.
1042 1625 1219 1681 collegit
1248 1626 1394 1682 ipsum

49 1683 273 1724 Platonem
333 1683 413 1724 sub
464 1682 556 1724 eius
611 1696 794 1738 persona
854 1682 1003 1724 latere.
1083 1681 1266 1726 Scilicet
1320 1700 1396 1726 vo-

45 1739 127 1782 luit
163 1738 289 1781 Plato
329 1739 643 1782 Atheniensem
682 1754 786 1782 suae
825 1740 964 1794 ipsius
1006 1740 1246 1783 sententiae
1298 1756 1396 1783 esse

45 1797 354 1852 interpretem,
395 1803 444 1838 ut
480 1804 596 1839 recte
636 1796 847 1838 iudicavit
885 1795 1091 1838 Cicero
1121 1797 1264 1856 Legg.
1295 1798 1332 1841 I.
1361 1803 1396 1843 5.

50 1854 208 1895 Errore
239 1861 384 1895 autem
414 1854 714 1898 Aristotel.
743 1853 874 1896 Polit.
902 1853 964 1896 ΙΙ.
995 1857 1035 1896 4.
1066 1869 1108 1909 p.
1140 1856 1208 1896 77.
1241 1872 1305 1893 =
1337 1857 1397 1900 ΙΙ.

47 1912 87 1951 4.
117 1924 154 1951 c.
187 1911 225 1952 3.
255 1910 292 1964 ξ.
325 1914 362 1953 1.
400 1909 467 1951 ed.
501 1910 753 1953 Schneider.
793 1917 838 1952 et
872 1910 1068 1966 plerique
1107 1912 1397 1966 posteriorum

46 1966 304 2023 scriptorum
334 1966 378 2007 in
407 1965 550 2008 locum
581 1966 864 2008 Atheniensis
899 1967 1028 2009 istius
1058 1967 1285 2010 sufficiunt
1317 1968 1398 2013 So-

47 2030 222 2076 cratem,
256 2023 416 2079 quippe
447 2022 573 2065 huius
602 2023 777 2066 nomine
807 2023 895 2065 iere
915 2038 1084 2080 semper
1113 2025 1398 2081 principalem

47 2095 278 2137 personam
322 2080 631 2136 insignienteS,
675 2095 785 2135 quae
815 2081 860 2122 in
892 2080 1087 2123 Platonis
1116 2081 1302 2140 dialogis
1332 2084 1396 2127 lo-

49 2152 186 2192 quens
234 2136 464 2181 inducitur.
541 2136 630 2180 Sed
667 2137 774 2181 haec
813 2138 986 2192 quidem
1026 2139 1131 2182 satis
1170 2147 1301 2182 sunto
1343 2141 1396 2184 de

49 2195 278 2252 principali
306 2209 493 2251 persona
523 2194 698 2251 dialogi.

159 2250 535 2306 Quemadmodum
587 2265 688 2293 vero
736 2251 1020 2295 Atheniensis
1078 2253 1150 2296 ille
1197 2255 1396 2310 quisnam

48 2309 120 2363 sit,
150 2309 196 2351 in
225 2309 392 2351 incerto
423 2308 673 2365 reliquitur,
702 2308 764 2351 ita
793 2309 921 2351 etiam
945 2307 1171 2353 Clinias
1203 2318 1247 2353 et
1274 2313 1394 2355 Me·

49 2366 226 2422 gillus
277 2364 479 2408 videntur
522 2367 650 2409 fictae
700 2381 794 2408 esse
836 2381 1061 2422 personae.
1131 2367 1263 2422 Quod
1314 2385 1394 2412 nos

51 2422 226 2478 quidem
262 2438 485 2466 censemus
524 2423 681 2465 iniuria
718 2423 896 2465 moleste
931 2423 1048 2467 ferri.
1117 2425 1232 2467 Nam
1263 2426 1391 2469 sicuti

51 2480 95 2521 in
117 2479 210 2523 aliis
224 2480 416 2522 Platonis
441 2482 615 2537 scriptis
639 2487 817 2537 propter
836 2482 1092 2537 argumenti,
1125 2483 1242 2537 quod
1271 2483 1315 2525 in
1338 2484 1392 2526 iis

50 2542 273 2591 tractatur,
294 2543 510 2591 naturam,
540 2539 601 2580 ita
621 2537 717 2579 fieri
737 2537 862 2590 solet,
891 2544 941 2579 ut
959 2539 1053 2581 noti
1081 2538 1274 2582 homines
1293 2557 1391 2598 pro-

51 2593 263 2636 ducantur
279 2594 324 2636 in
343 2594 545 2648 medium,
567 2595 641 2651 qui
664 2594 730 2636 vel
749 2595 876 2637 factis
895 2595 964 2637 vel
985 2595 1113 2638 dictis
1145 2597 1213 2638 vel
1235 2597 1392 2641 studiis

52 2658 94 2692 et
121 2650 313 2692 consiliis
355 2652 444 2693 suis
472 2652 661 2706 aliquam
691 2651 838 2706 adepti
865 2661 966 2694 sunt
997 2653 1135 2695 famae
1164 2653 1392 2711 laudisque

1100 2720 1190 2760 0*
