1644 2886
158 98 239 140 DE
272 95 544 140 LEGIBUS
578 93 695 138 LIB.
732 93 831 136 V11.
870 94 915 135 P.
943 94 1036 136 812.
1070 94 1162 136 813.
1195 91 1259 134 St.

1323 92 1403 133 355

73 218 162 260 ton
195 213 548 271 προςτεταγμένα
582 211 853 292 μαθήματα,
890 212 1012 264 δείξει
1032 213 1077 254 δὲ
1099 208 1215 254 αὐτοὶ
1239 207 1407 266 προϊὼν

74 282 99 328 ὁ
134 280 265 338 λόγος
298 279 393 338 ἅμα
428 283 490 338 τῷ
521 279 681 339 χρόνῳ.
717 280 833 324 ἀλλὰ
872 281 1014 323 ταῦτα
1051 279 1132 334 μὲν
1159 276 1273 323 οὕτω
1310 282 1405 333 περὶ

74 352 154 403 τῆς
185 352 395 405 μουσικῆς
427 349 533 405 ἡμῖν
567 347 591 393 ὁ
629 347 865 401 παιδευτὴς
900 348 1213 403 ἐπιμελείσθω·

1259 344 1312 389 τὰ
1355 347 1408 388 δὲ

75 420 217 476 μελῶν
263 415 411 461 αὐτῶν
457 410 514 460 αὖ
549 419 622 460 καὶ
656 415 886 475 ῥημάτων,
935 414 1006 458 οἷα
1043 412 1147 465 τοὺς
1175 415 1407 471 χοροδιδα-

76 483 266 535 σκάλους
308 502 381 528 και
424 482 453 527 ἃ
502 486 566 528 δεῖ
607 483 843 534 διδασκειν,
897 500 969 525 και
1019 484 1162 525 ταῦτα
1210 480 1314 537 ἡμῖν
1361 486 1408 524 ὲν

77 561 168 603 τοῖς
202 550 405 610 πρόσθεν
438 553 650 610 διείρηται
684 551 855 601 πάντα,
903 548 932 592 ἃ
975 547 1026 602 δη
1064 547 1410 605 καθιερωθέντα

76 625 244 680 ἔφαμεν
279 622 390 671 δεῖν,
432 627 529 670 ταῖς
561 623 733 676 ἑορταῖς
766 623 926 661 ἕκαστα
961 615 1272 675 ἁρμόττοντα,
1307 616 1411 669 ἡδο-

79 687 161 741 νὴν
195 684 352 743 εὐτυχῆ
389 694 485 737 ταῖς
521 685 669 730 πόλεσι
704 682 1010 741 παραδιδόντα
1047 682 1245 745 ὠφελεῖν.

180 756 284 799 ΚΛ.
347 753 522 807 Ἀληθῆ
560 756 633 797 καὶ
668 755 812 796 ταῦτα
842 755 1073 808 διείρηκας.

176 821 273 864 ΑΘ.
339 819 647 874 Ἀληθὲστατα
693 822 844 864 τοίνυν
879 822 952 862 καὶ
988 819 1131 862 ταῦθ’

1189 818 1292 873 ἡμῖν
1330 834 1414 861 πα-

79 887 286 944 ραλαβών
323 885 347 930 ὁ
384 891 481 945 περὶ
512 886 596 941 τὴν
632 890 825 932 Μοῦσαν
859 884 1005 944 ἅρχων
1041 889 1239 942 αἱρεθεὶς
1270 892 1414 942 ἑπιμε·

80 959 241 1000 λείσθω
284 951 393 1011 μετὰ
438 955 570 1013 τύχης
604 955 832 1012 εὐμενοῦς,
873 953 995 1010 ἡμεῖς
1041 957 1087 998 δὲ
1120 953 1337 1010 ὀρχήσεώς
1371 969 1417 997 τε

81 1029 176 1080 πέρι
211 1025 284 1066 καὶ
332 1020 437 1077 ὅλης
483 1025 562 1076 τῆς
597 1027 694 1082 περὶ
727 1023 777 1067 τὸ
813 1024 938 1078 σῶμα
978 1023 1272 1077 γυμναστικῆς
1307 1021 1418 1076 πρὸς

82 1099 173 1142 τοῖς
206 1093 461 1147 ἔμπροσθεν
498 1096 737 1148 εἰρημένοις
769 1089 1024 1143 ἀποδῶμεν·
1061 1089 1272 1145 καθάπερ
1307 1106 1416 1144 μου·
1447 1101 1482 1142 Β

83 1160 206 1211 σικῆς
238 1156 289 1202 τὸ
323 1158 633 1203 διδασκαλικὸν
665 1157 916 1203 ὑπόλοιπον
936 1155 989 1201 ὂν
1012 1156 1245 1213 ἀπέδομεν,
1282 1155 1419 1208 ‹figati-

179 1288 218 1320 P.
251 1287 330 1323 813.
384 1289 612 1334 διείρηται
654 1288 812 1331 πάντα]
856 1287 1015 1334 διῄρηται
1057 1292 1143 1331 Ang.
1182 1299 1213 1322 v.
1250 1289 1422 1332 probants

87 1335 225 1368 Dorvill.
251 1334 294 1367 ad
321 1335 420 1368 Char.
447 1347 477 1379 p.
508 1335 585 1371 645.
633 1336 703 1369 Sed
727 1347 756 1369 v.
784 1336 946 1379 explicat.
996 1335 1078 1369 Mox
1110 1335 1202 1369 idem
1235 1336 1320 1368 liber
1346 1335 1422 1377 διή-

86 1392 189 1425 ρηκιις
212 1391 275 1423 pro
299 1381 481 1425 διείρηκας.

178 1427 218 1459 Β.
266 1427 470 1472 καθάπερ
496 1428 732 1472 μουσικῆς]
760 1427 880 1470 Steph.
907 1428 993 1462 coni.
1021 1428 1089 1459 καὶ
1113 1427 1272 1472 καθάπερ
1296 1441 1332 1471 μ.
1357 1430 1420 1462 sed

87 1485 116 1505 v.
141 1483 218 1506 ann.
245 1483 344 1516 exeg.

87 1587 172 1620 hanc
207 1591 336 1629 partem
369 1585 548 1618 doctrinae
573 1586 722 1619 musicae
786 1586 971 1628 gnitionem
998 1586 1261 1625 redundaverit,
1294 1587 1423 1621 videbi-

88 1633 236 1675 attingit.
263 1634 380 1674 Atque
394 1630 473 1664 inde
498 1632 643 1674 intelligi
658 1642 720 1675 po-

87 1683 173 1716 tent,
210 1678 370 1721 quidnam
407 1676 500 1720 apud
540 1678 723 1712 Platonem

88 1725 155 1758 sint
180 1725 245 1756 τῶν
271 1721 415 1767 ῥυθμῶν
430 1722 634 1757 παντοδαπὰ
648 1736 721 1757 ποι-

87 1772 233 1811 κίλματα.
259 1771 503 1813 significantur
519 1771 605 1804 enim
628 1772 724 1803 varia

89 1822 125 1851 et
157 1817 357 1859 multiplicia
391 1815 510 1849 ductus
546 1815 726 1860 rhythmici

89 1873 230 1905 genera,
255 1872 323 1904 quo
339 1862 456 1902 fiebat,
481 1866 519 1894 ut
537 1872 602 1895 non
622 1862 727 1896 modo

90 1909 222 1943 numeri
248 1908 372 1941 diversi
406 1907 493 1940 inter
525 1919 563 1942 ae
587 1918 726 1952 permu—

90 1959 255 1995 tare-tur,
267 1963 383 1986 verum
397 1954 499 1986 etiam
516 1964 604 1987 unus
619 1954 729 1987 idem·

90 2011 156 2044 que
181 2010 342 2034 numerus
367 2009 429 2042 pro
453 2001 644 2040 argumenti
668 2010 728 2032 va-

90 2049 214 2080 rietate
230 2046 335 2080 modo
351 2045 482 2079 tardior
493 2046 604 2088 fieret,
625 2046 730 2079 modo

92 2094 307 2126 concitatior.
356 2092 435 2125 Hoc
474 2092 583 2135 ipsum
627 2092 731 2135 igitur

93 2144 254 2182 putamus
279 2149 370 2178 ense,
397 2138 489 2180 quod
510 2138 730 2182 philosophus

93 2187 125 2219 in
149 2188 258 2229 prima
290 2184 504 2218 institutione
529 2185 653 2227 puerili
677 2187 729 2217 vi·

93 2232 231 2265 tandum
259 2242 336 2264 ense
362 2232 550 2274 praecipit,
581 2241 649 2274 quo
679 2231 729 2263 fa-

95 2279 194 2311 elliu·
218 2278 314 2321 pueri
341 2277 465 2310 modos
483 2278 634 2310 manicos
651 2288 729 2320 per-

95 2325 222 2368 cipiant
237 2329 272 2357 et
287 2323 500 2356 condi-cant.
517 2327 630 2366 Atque
646 2322 731 2356 haec

96 2370 230 2412 quidem
258 2375 349 2410 sunt,
374 2380 462 2411 quae
486 2369 529 2403 de
553 2371 631 2402 loco
651 2370 728 2403 Pla·

98 2416 200 2456 tonh,
223 2416 436 2450 memorabili
458 2416 584 2457 pariter
608 2417 666 2449 illo
692 2424 732 2448 ac

100 2461 245 2503 difficili,
274 2472 362 2495 nunc
392 2463 595 2505 exponenda
631 2466 732 2505 puta·

101 2507 219 2540 viuum.
244 2508 342 2541 Unde
367 2509 395 2541 ai
420 2509 472 2541 vel
499 2510 643 2550 exiguus
668 2509 732 2540 ali-

100 2552 180 2594 qui·
211 2552 342 2586 finctus
380 2554 423 2587 ad
456 2555 610 2589 Platoni·
646 2554 732 2588 alio-

100 2608 243 2640 rumque
266 2600 465 2641 scriptorum
495 2605 647 2634 veterum
682 2601 732 2634 in-

101 2645 383 2688 terpretationem
406 2653 466 2680 aut
489 2647 531 2680 ad
557 2648 640 2680 artis
660 2656 733 2680 mu-

102 2691 194 2724 sicae
229 2691 351 2725 veteris
389 2694 634 2728 accuratiorem
675 2703 733 2726 co—

790 1642 864 1665 rnur
888 1633 1003 1674 utique
1026 1633 1127 1665 huius
1151 1635 1348 1677 scriptionis
1362 1644 1424 1667 no-

790 1684 884 1712 utrae
915 1679 1100 1722 praemium
1139 1680 1223 1713 satis
1263 1690 1423 1724 magnum

791 1726 1035 1767 reportavisse.

838 1770 880 1803 P.
905 1770 985 1806 813.
1032 1771 1076 1802 ἐν
1109 1774 1203 1809 τοῖς
1233 1771 1430 1816 ”ede-9⁸⁹

794 1817 1041 1859 διείρηται]
1086 1817 1338 1851 Dor-villius
1384 1818 1429 1851 ad

796 1863 972 1896 Chariton.
1005 1874 1036 1905 p.
1068 1862 1146 1897 645.
1180 1874 1223 1894 :z
1255 1863 1334 1899 595.
1371 1863 1426 1897 ed.

799 1909 894 1951 Lips.
924 1909 1129 1942 conficiebat
1154 1908 1328 1951 διῄρηται.
1379 1912 1430 1943 At

797 1965 830 1987 v.
862 1965 940 1987 ann.
971 1954 1015 1988 ad
1051 1965 1084 1998 p.
1107 1955 1186 1990 809.
1215 1956 1255 1988 l).
1303 1957 1350 1989 Et
1372 1967 1430 1990 se—

796 2001 913 2044 quitur
939 2002 1055 2034 atatim
1083 2006 1162 2044 post
1187 2001 1366 2044 διείρηκας.

845 2047 884 2080 Β.
909 2049 1110 2090 καθάπερ
1139 2051 1356 2090 μουσικῆς
1380 2047 1426 2081 τό

799 2093 980 2136 διδωμι]
1009 2092 1152 2126 Frustra
1179 2094 1430 2136 Stephanus

797 2139 1019 2173 desiderabat
1064 2139 1122 2172 καὶ
1173 2140 1349 2182 καθάπερ.
1402 2151 1432 2172 v.

795 2196 873 2218 ann.
913 2185 956 2219 ad
998 2184 1171 2221 Phaedon.
1215 2197 1248 2229 p.
1286 2187 1341 2222 61.
1384 2189 1428 2220 A.

796 2231 905 2275 Legg.
932 2233 973 2265 ll.
1003 2242 1035 2273 p.
1055 2232 1133 2268 659.
1164 2232 1204 2265 E.
1234 2233 1368 2266 Politic.
1397 2244 1430 2276 p.

796 2279 875 2313 296.
904 2278 942 2312 Ε.
991 2279 1081 2311 Dein
1106 2278 1148 2312 ad
1167 2279 1226 2311 καὶ
1248 2292 1435 2322 γυμναστι-

799 2327 863 2366 κῆς
885 2325 1027 2366 intelligi
1057 2336 1140 2358 sane
1165 2326 1246 2358 licet
1271 2325 1310 2359 τό
1338 2325 1436 2358 διδα-

799 2372 895 2403 σκαλ.
937 2369 1136 2403 ὑπόλοιπον
1167 2369 1208 2402 ὃν
1244 2370 1437 2404 ἀποδιδόν-

801 2428 871 2453 rec:
899 2426 1103 2459 quamquam
1131 2416 1219 2450 hunc
1247 2418 1434 2460 genitivum

799 2463 902 2496 etiam
933 2464 1001 2495 alia
1031 2463 1164 2496 ratione
1199 2465 1371 2506 explicare
1396 2464 1434 2496 li—

800 2509 905 2541 cebit.
953 2509 1038 2542 Mox
1074 2508 1260 2551 ὀρχεῖσθαι
1293 2515 1331 2542 ut
1355 2509 1433 2543 Lat.

801 2556 968 2588 saltare
993 2556 1115 2589 latiore
1139 2565 1241 2588 sensu
1266 2555 1436 2598 accipien-

802 2601 881 2634 dum
913 2600 957 2633 de
991 2602 1115 2643 quovis
1147 2602 1305 2643 corporis
1338 2605 1434 2636 motu

802 2647 1062 2687 artificioaiore,
1121 2651 1159 2679 ut
1229 2649 1434 2682 sexcentlen.

804 2694 956 2727 Verbum
973 2693 1148 2726 διαπονεῖν
1167 2704 1248 2729 vero
1266 2695 1310 2728 de
1336 2705 1434 2738 gym-

1038 2750 1138 2791 ⁶23*

1438 489 1519 530 813
