1644 2886
171 89 254 134 DE
284 85 558 132 LEGIBUS
591 83 708 127 LIB.
744 82 821 125 Vl.
853 81 901 124 P.
936 82 1032 124 768.
1066 82 1159 122 769.
1193 78 1255 123 St.
1323 81 1399 122 175

162 209 261 251 ΚΛ.
336 206 525 255 Πάντως
568 221 647 260 μοι
694 201 806 245 κατὰ
845 202 979 253 νοῦν,
1031 193 1064 242 ὦ
1095 199 1198 251 ξεῖνε,
1232 196 1287 240 τὰ
1327 201 1402 252 ἔμ-

57 279 263 331 προσθεν
309 274 510 330 εἰρηκώς,
554 269 635 324 τὴν
679 267 823 326 ἀρχὴν
868 270 949 312 νῦν
1003 267 1178 327 τελευτῇ
1237 265 1402 344 προξαᾈ

57 357 151 402 ψας
196 345 292 396 περὶ
337 343 426 383 τῶν
471 357 515 383 τε
551 344 786 394 εἰρημένων
816 339 890 380 καὶ
920 337 1007 379 τῶν
1041 333 1288 391 μελλόντων
1321 350 1399 391 ρη-

59 411 304 464 θήσεσθαι,
345 410 486 451 ταῦτα
523 410 583 451 ἔτι
617 407 792 461 μᾶλλον
827 407 1001 447 ἐκείνων
1036 402 1212 459 εἴρηκας
1232 403 1399 459 φιλίως.

160 478 254 520 ΑΘ.
326 477 485 525 Καλῶς
533 477 683 518 τοίνυν
727 470 786 514 ἂν
827 470 934 528 ἡμῖν
971 469 996 523 ἡ
1033 471 1290 526 πρεσβυτῶν
1325 472 1398 524 ἔμ-

56 562 180 602 φρων
217 540 371 586 nachao>
407 549 529 599 μέχρι
565 540 681 598 δεῦρ’
732 539 797 591 εἴη
829 538 884 582 τὰ
921 541 1002 581 νῦν
1037 540 1397 594 διαπεπαισμένη.

159 612 258 654 ΚΛ.
329 609 486 662 Καλὴν
531 609 611 662 τὴν
657 605 857 658 σπουδὴν
904 611 1052 656 ἔοικας
1098 607 1263 658 δηλοῦν
1313 606 1400 648 τῶν

55 677 244 733 ἀνδρῶν.

159 748 256 790 ΑΘ.
328 743 461 794 Εὶκός
496 761 557 798 γε.
581 743 691 787 ’τάδε
725 741 766 786 δ’
812 740 1116 795 ἐννοήσωμεν,
1154 747 1190 784 εὶ
1224 744 1293 783 σοὶ
1330 742 1402 783 δο-

57 822 118 858 κεῖ
152 810 363 866 καθάπερ
394 815 507 867 ἐμοὶ.

161 883 265 924 ΚΛ.

345 877 410 922 Τὸ
451 887 583 923 ποῖον
621 876 699 930 δή;
734 878 807 920 καὶ
844 878 941 929 περὶ
980 879 1133 922 τίνων,-

162 949 262 992 Ae).
334 946 468 992 (ἦσθ’
511 943 598 1001 ὅτι,
634 946 848 998 καθάπερ
886 940 1130 1001 ζωγράφων
1166 940 1295 986 οὐδὲν
1329 947 1401 985 πέ-

59 1034 139 1070 ρας
184 1022 291 1071 ’έχειν
331 1014 358 1067 ἡ
407 1018 682 1069 πραγματεία
714 1014 860 1065 Αδοκεῖ
922 1017 1021 1065 περὶ
1073 1007 1267 1053 ἑκάστων
1313 1012 1401 1054 τῶν

151 1146 192 1179 E.
241 1142 371 1177 ουδὲν
401 1145 463 1176 ἔτι
498 1142 706 1184 δεομένη]
741 1142 797 1174 Sic
822 1152 899 1174 cnm
928 1143 1007 1174 Bas.
1032 1141 1065 1176 2.
1093 1142 1196 1174 codd.
1227 1146 1264 1177 A
1293 1144 1332 1178 Ξ.
1362 1142 1400 1176 Ω.

62 1203 91 1223 v.
120 1193 141 1224 f.
170 1192 200 1224 b.
226 1203 256 1224 a.
285 1203 314 1223 c.
340 1191 373 1227 d,
401 1202 433 1223 o.
480 1191 680 1232 Legebantur
704 1190 786 1221 olim
812 1183 918 1220 ου’δὲν
940 1189 1008 1221 ἔστι
1033 1187 1063 1220 δ

154 1236 228 1280 τὴν
254 1234 385 1279 ἀρχὴν
410 1237 486 1268 νῦν
511 1236 704 1278 τελευτῇ]
732 1246 798 1266 νυν
821 1234 942 1277 steph.
973 1245 1043 1267 oni.

188 1285 305 1319 .7t;9.

105 1441 248 1498 Καλὴν
297 1442 372 1485 τὴν
421 1442 618 1486 σπουδὴν
651 1462 694 1468 —-

62 1489 141 1520 τῶν
162 1485 356 1532 ἀνδρῶν]
383 1490 463 1523 Hoc
487 1490 588 1523 dicit.
615 1489 695 1522 Non

61 1538 130 1567 tam
157 1536 317 1577 iusum,
350 1546 448 1579 quam
477 1538 695 1579 praeclarum

61 1580 234 1621 quoddam
251 1583 400 1616 virorum
426 1588 491 1616 stu
502 1583 542 1616 d
532 1595 542 1616 ι
554 1593 573 1615 ιι
586 1594 617 1616 ιιι
646 1583 696 1616 vi-

62 1626 154 1658 deris
186 1627 372 1662 declarare.
431 1630 481 1663 De
511 1628 629 1674 παιδιᾷ
662 1634 698 1663 et

23 1688 25 1691 ·
63 1671 199 1715 σπουδῇ
235 1675 286 1707 sic
325 1676 415 1708 inter
451 1686 490 1709 se
535 1676 696 1720 opposita

19 1727 21 1729 ·
62 1720 174 1762 pauno
200 1725 281 1754 ante
305 1722 514 1755 monuimus.

107 1764 208 1798 τόδε
246 1764 282 1799 δ’
321 1766 600 1810 ἐννοήσωμεν
630 1768 696 1810 -]

63 1810 366 1854 Poste-quamue
379 1815 540 1847 omnibus
563 1826 603 1847 ac
629 1815 697 1848 sin-

62 1858 152 1899 guiis
189 1860 452 1900 magistratibus
472 1900 475 1902 μ
492 1862 697 1903 explicatum

63 1907 138 1943 est,
176 1913 266 1937 nunc
296 1907 467 1947 quaedam
506 1908 697 1948 generatim

63 1949 238 1983 adduntur
290 1950 334 1983 de
379 1951 530 1993 quodam
578 1963 698 1986 eornm

65 2005 206 2029 munere
238 2001 272 2029 et
304 1997 441 2038 officio,
473 1997 564 2039 quod
594 1999 700 2041 perti·

62 2045 123 2075 net
146 2041 189 2075 ad
215 2042 318 2075 futuri
341 2046 510 2086 temporis
535 2046 698 2077 rationes.

63 2088 226 2122 Ostendit
254 2089 347 2122 enim
383 2089 619 2133 Atheniensis,
653 2092 700 2124 le·

63 2135 282 2177 gisl-tionem
320 2137 447 2169 nullam
490 2136 582 2170 adeo
622 2147 700 2170 esse

65 2179 250 2222 perfectam
312 2185 349 2214 et
410 2187 699 2222 consummatam,

64 2227 143 2268 quin
174 2231 333 2270 tempore
369 2228 581 2269 procedente
611 2229 699 2262 indi-

64 2275 146 2314 geat
192 2273 432 2308 emendatione
485 2276 597 2317 aliqua
645 2276 699 2308 vei

65 2319 489 2363 amplificatione.1taqne
506 2320 594 2354 hoc·
585 2331 699 2364 ipsum

68 2365 178 2406 legum
211 2366 496 2408 corrigendarum
531 2372 567 2400 et
597 2368 701 2410 perfi-

69 2409 261 2444 ciendorum
325 2415 505 2455 negotium
577 2414 702 2447 futuris

68 2455 367 2498 nomophylacibus
411 2460 698 2493 committendum

70 2505 200 2535 censet
246 2504 280 2534 A
309 2504 432 2545 quibus
463 2506 602 2547 quidem
629 2508 702 2539 vult

70 2556 111 2579 es
133 2547 168 2579 in
192 2556 230 2579 re
258 2551 407 2590 spectari
439 2551 702 2595 diligentissime

73 2590 155 2633 hoc,
184 2592 218 2625 in
243 2603 312 2635 qno
334 2605 422 2628 nnus
443 2598 541 2640 isque
564 2599 700 2631 verissi-

73 2645 148 2670 ιιιιι
172 2639 324 2673 civitatis
345 2640 422 2674 finis
451 2648 637 2687 cernatur,
665 2650 702 2678 nt

74 2684 186 2716 omnia
210 2684 255 2717 ad
280 2684 437 2720 virtutem
467 2688 593 2724 homini
619 2701 702 2724 con-

364 1279 493 1316 Οἶσθ’
533 1280 601 1315 ὅτι
636 1279 837 1322 καθάπερ
870 1301 911 1305 —
946 1280 1089 1324 δοκεῖ]
1125 1280 1207 1312 Voc.

61 1331 92 1362 in
121 1331 188 1363 vitii
211 1332 441 1373 suspicionem
470 1329 603 1362 vocavit
630 1330 757 1360 Astius.

1243 1280 1402 1324 καθάπερ

764 1443 957 1476 venientem
999 1430 1121 1483 neqne'
1144 1441 1307 1474 aliorsum
1347 1453 1400 1475 re-

763 1489 933 1526 ferantur,
965 1492 1069 1529 atque
1099 1487 1193 1520 cives
1226 1495 1323 1522 recte
1356 1490 1401 1523 de

763 1534 879 1568 officio
906 1544 990 1575 erga
1015 1534 1160 1576 patriam
1186 1534 1230 1566 ad
1250 1535 1401 1568 civitatis

764 1582 852 1614 bene
866 1582 1076 1614 constitutae
1091 1585 1217 1614 statum
1230 1582 1398 1615 tuendum

764 1628 923 1660 sentiant.
953 1626 993 1659 P.
1021 1626 1099 1662 769
1128 1629 1167 1659 Α.
1188 1628 1332 1663 -771.
1361 1633 1399 1664 A.

812 1669 938 1706 Οἶσθ’
979 1670 1047 1706 ὅτι
1072 1671 1284 1727 καθάπερ
1330 1676 1399 1717 ζω·

764 1718 944 1762 γράφων
969 1739 1013 1744 —-
1040 1716 1083 1751 τὰ
1109 1722 1398 1766 γεγραμμένα]

766 1767 955 1799 Verborum
986 1768 1190 1800 consecutio
1219 1767 1303 1800 haec
1329 1773 1401 1801 est·

766 1808 867 1844 οἷσθ’
908 1809 961 1844 ὅτι
991 1809 1154 1866 ,καθάπερ
1193 1810 1214 1855 ἡ
1250 1825 1401 1856 πραγμα-

767 1860 836 1890 τεία
886 1856 1080 1900 ζωγράφων
1127 1860 1202 1900 περὶ
1250 1859 1402 1893 ἑκάστων

766 1905 833 1936 τῶν
869 1902 967 1959 ζώων
1014 1903 1111 1935 δοκεῖ
1155 1901 1258 1937 ουδὲν
1294 1907 1402 1948 πέρας

767 1950 868 1991 ἔχειν,
892 1946 966 1982 ἀλλ’
997 1948 1127 1983 οὔποτε
1151 1950 1247 1984 δοκεῖ
1269 1951 1401 1986 παύσα-

768 1996 854 2028 σθαι
879 1993 922 2028 ἂν
947 1993 971 2037 ἧ
995 1998 1058 2028 τοῦ
1080 2000 1229 2039 χραίνειν
1253 1996 1275 2041 ἢ
1299 2000 1401 2040 (τοῦ)

767 2039 1004 2084 ἀποχραινειν,
1040 2040 1062 2085 ἦ
1096 2041 1117 2075 ὅ
1149 2056 1178 2076 τι
1209 2043 1338 2087 δήποτε
1368 2045 1406 2078 οἱ

766 2089 961 2132 ζωγράφων
1006 2088 1125 2122 παῖδες
1171 2092 1314 2124 καλοῦσι
1362 2091 1401 2125 τὸ

767 2136 945 2174 τοιοῦτον,
986 2137 1181 2177 κοσμοῦσα,
1213 2135 1297 2171 οἴετ’
1327 2138 1400 2171 ἐπί·

767 2181 867 2215 δοσιν
906 2194 935 2215 κ.
967 2194 993 2214 τ.
1028 2184 1056 2215 λ.
1087 2186 1227 2225 nosti,
1265 2186 1399 2218 sicuti

766 2230 982 2272 pictorum
1017 2240 1145 2272 opera
1183 2233 1221 2263 in
1258 2233 1399 2274 pictu-

766 2276 826 2308 ris
850 2276 1010 2309 nullum
1046 2286 1232 2318 unquam
1266 2279 1397 2312 finem

767 2332 814 2354 ac
836 2322 1004 2354 modum
1029 2321 1182 2356 habere
1211 2324 1399 2365 videtur,

769 2369 842 2400 sed
898 2378 1111 2410 uunquam
1163 2376 1398 2403 cessatura

766 2415 804 2446 in
847 2415 1090 2448 colorando
1128 2427 1176 2448 ac
1224 2418 1396 2449 decolo-

768 2459 918 2500 rando,
946 2461 1047 2506 ilias
1070 2472 1303 2502 exornans,
1325 2466 1400 2495 aut

768 2516 1044 2549 quocumque
1088 2510 1176 2541 alio
1231 2510 1399 2542 nomine

768 2552 990 2595 pictorum
1040 2553 1124 2586 filii
1172 2555 1287 2588 istud
1330 2566 1397 2598 ap-

770 2599 952 2641 pellant,
977 2599 1039 2632 ita
1065 2605 1106 2632 ut
1133 2602 1277 2642 pictae
1301 2601 1398 2634 ims-

768 2644 894 2688 gines
942 2654 1021 2680 non
1069 2646 1147 2679 iam
1202 2647 1397 2688 habeant,

768 2700 849 2732 qno
906 2691 1100 2724 existant
1148 2693 1397 2735 pulcriores

1430 476 1511 516 769
