1644 2886
151 87 235 129 DE
272 85 548 130 LEGIBUS
583 84 702 127 LIB.
735 81 840 125 V11.
871 81 920 125 P.
955 83 1050 123 794.
1083 80 1188 147 795.ν
1211 77 1277 122 St.
1339 78 1419 118 275

67 206 195 259 ἔδειξε
228 207 275 249 δὲ
304 206 448 248 ταῦτα
496 201 520 248 ὁ
556 205 645 246 τῶν
681 202 889 245 Σκυθῶν
925 198 1076 254 νόμος,
1107 197 1189 242 οὐκ
1238 201 1284 241 ἐν
1318 194 1418 250 ἀρι-

65 275 200 330 στερᾷ
231 275 314 329 μὲν
348 271 479 324 τόξον
511 269 712 326 ἀπάγων,
749 274 795 313 ὲν
831 266 951 323 δεξιᾷ
985 267 1030 310 δὲ
1063 261 1216 309 οἰστὸν
1253 279 1418 318 προςα-

66 341 252 397 γόμενος
285 338 442 396 μόνον,
477 337 576 381 ἀλλ’
618 336 780 393 ὁμοίως
813 339 1038 391 ἑκατέροις
1067 330 1136 376 ἐπ’
1178 330 1417 390 ἀμφότερα

64 408 300 464 χρώμενος.
335 406 578 463 πάμπολλα
606 404 646 448 δ’
686 409 811 460 ἕτερα
845 402 1037 446 τοιαῦτα
1074 403 1419 456 παραδείγματα

67 481 115 519 ὲν
149 474 386 531 ἡνιοχείαις
420 473 465 517 τ’
506 475 597 516 ἐστὶ
633 475 706 516 καὶ
741 477 788 516 ὲν
822 474 1008 527 ἑτέροις,
1041 473 1088 510 ὲν
1126 466 1212 511 οἶσι
1247 469 1420 522 μαθεῖν

68 541 283 592 δυνατόν,
328 539 399 585 ὅτι
445 538 566 597 παρὰ
610 539 744 598 φύσιν
787 536 1189 588 κατασκευάζουσιν
1227 539 1268 579 οἱ
1319 533 1421 588 ἀρι-

68 608 201 666 στερὰ
255 609 404 661 δεξιῶν
449 607 751 662 ἀσθενέστερα
806 603 1224 656 κατασκευάζοντες.
1274 604 1418 645 ταῦτα

69 677 126 728 δ’,
162 676 269 732 ὅπερ
315 677 511 730 εἴπομεν,
562 680 609 718 ἐν
642 676 722 730 μὲν
771 677 1019 730 κερατίνοις
1064 670 1307 726 πλήκτροις
1345 672 1418 712 καὶ

70 750 116 788 ἐν
158 745 367 798 ὀργάνοις
412 741 635 793 τοιούτοις
677 740 806 786 οὐδὲν
850 744 982 796 μέγα·
1035 740 1232 794 σιδηροῖς
1267 737 1306 780 δ’
1357 743 1417 788 εἰς

70 809 149 855 τὸν
182 811 377 866 πόλεμον
411 808 524 853 ὅταν
558 812 629 871 δέῃ
659 811 886 866 χρῆσθαι,
930 813 1040 862 μέγα
1077 808 1295 861 διαφέρει,
1342 810 1416 848 καὶ

67 878 212 931 τόξοις
245 881 318 921 καὶ
358 877 584 928 ἀκοντίοις
619 879 692 920 καὶ
733 870 935 926 ἑκάστοις
979 873 1171 918 τούτων·
1220 871 1333 917 πολὺ
1370 875 1415 915 δὲ

69 952 287 1001 μέγιστον,
323 942 434 989 ὅταν
471 944 624 996 ὅπλοις
658 946 729 1004 δέῃ
766 942 877 999 πρὸς
915 941 1032 986 ὅπλα
1065 943 1284 998 χρῆσθαι.
1322 943 1416 983 δια-

69 1018 191 1073 φέρει
227 1015 272 1056 δὲ
315 1011 529 1067 πάμπολυ
574 1009 742 1069 μαθὼν
775 1009 836 1067 μὴ
884 1009 1122 1066 μαθόντος
1168 1013 1239 1053 καὶ
1272 1007 1295 1052 ὁ
1333 1025 1416 1062 γυ-

161 1143 228 1175 καὶ
253 1142 313 1174 εἰς
339 1141 452 1184 ἄλλα]
481 1143 530 1175 εἰς
554 1142 592 1175 τὰ
616 1140 696 1174 ἄλλα
720 1142 794 1174 Ric.

163 1190 205 1221 P.
227 1189 304 1223 795.
332 1188 479 1221 οἰστὸν
504 1189 692 1232 προςαγ.]
715 1189 752 1219 V.
774 1185 903 1220 οἴσιόν.
919 1188 1072 1231 Mutavit
1084 1186 1225 1219 Bekker
1245 1197 1288 1219 ex
1302 1188 1380 1219 Vat.
1395 1187 1421 1219 f.

166 1232 328 1275 ὁμοίως
351 1234 592 1278 ἑκατέροις]
620 1234 679 1268 Sic
702 1235 785 1267 libri
813 1243 945 1267 omnes.
977 1234 1101 1266 Astius
1126 1238 1260 1274 tamen,
1283 1233 1423 1266 Bekke-

75 1291 154 1321 rus,
184 1282 375 1314 Hermann.
408 1293 449 1315 ac
473 1283 683 1315 Turicenses
714 1283 756 1313 de
791 1281 959 1314 Gatakeri
992 1281 1194 1312 coniectura
1234 1279 1420 1321 ἑκατέραις.

74 1326 145 1360 Sed
167 1327 336 1360 feminino
359 1338 431 1361 non
456 1339 544 1371 opus
567 1339 661 1369 esse,
686 1328 901 1360 ostendimus
926 1326 1019 1359 iufra
1042 1328 1079 1358 in
1104 1327 1281 1369 explicatt.

73 1439 152 1480 μὲι·
187 1452 202 1472 ι
213 1439 232 1471 o'
244 1441 290 1482 ξο
301 1452 320 1471 ν
354 1437 433 1482 cim]
489 1439 603 1481 Τόξον
628 1437 713 1472 ‹imi-

75 1497 146 1528 γειν
173 1493 226 1519 est
249 1498 392 1519 arcum
416 1495 571 1520 tenere
603 1489 686 1519 illu
699 1498 717 1518 c

74 1543 154 1565 con
167 1543 359 1573 versum,
406 1544 610 1575 quorsum
657 1539 716 1565 te-

76 1580 159 1611 lum
184 1580 452 1612 mittendum
486 1585 569 1620 est,
599 1581 716 1612 ideo-

75 1635 154 1667 que
184 1636 206 1658 a
237 1636 280 1658 se
310 1626 574 1658 abstrahere
588 1634 626 1658 et
657 1637 712 1658 se-

73 1673 274 1714 iungere,
299 1683 321 1714 q
333 1683 354 1704 u
367 1682 388 1704 o
427 1674 601 1714 sagitta
623 1683 714 1714 pos-

74 1718 134 1750 sit
168 1720 331 1758 emitti,
366 1719 447 1751 den
471 1719 624 1760 Bogen
645 1719 712 1751 ab·

74 1762 205 1797 wirts
230 1765 252 1795 h
264 1766 395 1805 alten,
419 1775 483 1800 um
501 1765 523 1796 d
538 1775 584 1797 en
597 1765 713 1796 Pfeil

75 1810 125 1842 ab
136 1811 240 1842 zudr
252 1810 401 1842 sicken.
472 1809 543 1843 Sed
592 1808 713 1842 οἰστὸν

78 1853 319 1897 προσάγεσθαι
351 1856 526 1897 significat
534 1881 543 1897 ‚
579 1868 595 1888 s
603 1867 624 1888 a
633 1858 712 1898 git·

77 1907 158 1933 tam
189 1902 239 1933 ad
264 1912 308 1934 se
341 1903 578 1935 retrahere
603 1914 630 1934 s.
656 1907 713 1934 at-

76 1947 270 1986 trahere,
297 1953 338 1979 ut
363 1949 597 1981 emittatur.
622 1949 712 1980 Dein

76 2003 140 2035 pro
164 1993 345 2034 ἑκατέροις,
371 1995 466 2036 quod
490 1995 571 2027 libri
593 2005 713 2027 omnes

75 2045 230 2081 tuentur,
244 2042 275 2072 A
287 2042 413 2080 etius,
434 2040 662 2073 Bekkerus
681 2045 714 2072 et

78 2085 289 2119 Turicenses
326 2088 538 2128 scripserunt
573 2086 592 2119 ε’
600 2099 616 2118 κ
625 2099 646 2118 α
656 2099 670 2118 1
682 2087 711 2117 ε’-

79 2143 98 2172 ρ
108 2142 148 2163 αι
158 2141 190 2170 ς,
213 2135 372 2174 speciosa
394 2143 478 2166 sane
503 2134 714 2173 coniectura,

79 2178 141 2210 sed
167 2179 288 2211 eadem
313 2184 429 2211 tamen
453 2181 568 2212 minus
596 2189 715 2212 neces-

78 2225 182 2257 saria.
240 2223 370 2263 Quidni
419 2227 510 2258 enim
557 2231 716 2258 neutrum

79 2280 187 2311 genus
231 2271 358 2304 habeat
397 2272 512 2304 locum
522 2297 532 2312 ,
566 2273 625 2304 ubi
659 2282 716 2304 res

79 2317 242 2350 universe
265 2319 494 2360 significatur,
519 2320 569 2351 ita
593 2325 630 2350 ut
647 2328 717 2350 non

82 2362 126 2394 de
150 2364 307 2396 manibus
332 2369 465 2397 tantum
475 2389 484 2405 ,
517 2365 579 2397 sed
607 2366 718 2397 omni-

82 2416 128 2439 no
158 2409 205 2440 de
237 2413 385 2452 utroque
418 2412 577 2453 corporis
610 2413 719 2444 latere

83 2453 305 2494 cogitandum
321 2457 390 2489 sit?
416 2462 451 2490 et
466 2459 543 2500 quis
562 2463 614 2490 est
633 2459 717 2499 quin

83 2499 270 2541 largiatur,
290 2500 465 2546 ἑκατέροις
489 2515 615 2546 genere
633 2514 715 2536 neu-

82 2550 137 2578 tro
165 2545 235 2578 dici
274 2549 451 2589 aptissime
485 2552 588 2584 etiam
625 2551 720 2591 ideo,

82 2591 167 2633 qnia
189 2601 265 2624 cum
283 2589 338 2624 ἐπ’
362 2591 547 2638 ἀμφότερα,
571 2598 640 2629 hoc
656 2602 719 2636 est,

85 2646 161 2670 eum
186 2639 256 2671 alio
281 2641 418 2674 nomine
440 2643 594 2682 ejusdem
611 2653 715 2684 gene-

87 2683 145 2715 rinr
159 2689 193 2715 et
218 2686 349 2718 numeri
361 2711 369 2725 ,
393 2688 546 2722 iunctum
580 2690 718 2731 copula—

784 1447 924 1482 tumque
950 1441 1024 1472 est?
1051 1441 1128 1472 Huc
1154 1440 1300 1481 accedit,
1326 1441 1422 1482 quod

785 1495 847 1518 nec
871 1488 1048 1518 inauditus
1086 1491 1139 1518 est
1163 1487 1220 1518 hic
1250 1497 1334 1518 usus
1359 1487 1421 1519 ad-

782 1533 899 1565 iectivi
924 1539 958 1565 et
971 1534 1202 1574 pronominis,
1227 1543 1296 1574 qno
1315 1543 1421 1575 quum

784 1580 923 1621 proprie
948 1580 993 1611 ad
1022 1585 1134 1612 certas
1169 1580 1339 1621 quasdam
1364 1590 1421 1612 res

783 1631 818 1657 et
852 1636 1019 1667 personas
1053 1626 1288 1668 designandas
1313 1627 1420 1667 perti-

783 1678 877 1712 neat,
896 1677 1011 1704 tamen
1028 1679 1152 1704 neutro
1176 1682 1306 1714 genere
1320 1683 1421 1705 usur-

779 1724 894 1761 patur.
954 1718 1063 1750 Cuius
1089 1720 1227 1761 generis
1262 1719 1421 1761 exempla

780 1766 812 1802 siv
833 1765 911 1807 quis
927 1765 1101 1807 anquirat,
1125 1766 1213 1798 bene
1226 1766 1336 1798 multa
1350 1766 1420 1798 eol-

779 1812 871 1843 lecta
901 1812 1052 1853 reperiet
1081 1822 1102 1843 a
1126 1812 1420 1854 Bernhardyo

781 1856 926 1899 Syntax.
962 1868 997 1899 p.
1027 1857 1107 1891 430.
1143 1869 1211 1900 quo
1247 1859 1326 1890 loco
1360 1858 1421 1890 ille

781 1904 885 1935 etiam
919 1903 1013 1935 hunc
1046 1904 1204 1936 Platonis
1247 1905 1364 1936 locum
1400 1914 1422 1936 a

781 1951 873 1981 mala
898 1950 1115 1982 correctione
1142 1950 1344 1984 vindicavit.

824 1995 866 2027 Β.
916 1994 1124 2037 διαφέρει
1150 1994 1194 2028 δὲ
1218 1994 1422 2036 πάμπολυ

781 2038 934 2081 μαθών
960 2040 1011 2083 μὴ
1038 2043 1085 2085 μ.]
1122 2041 1374 2086 Stephanus
1401 2039 1422 2074 ὁ

781 2085 906 2127 μαθών
951 2089 1171 2121 scribendum
1213 2089 1422 2122 coniiciebat

782 2138 926 2176 propter
949 2135 1134 2177 insequens
1154 2132 1173 2166 ὁ
1199 2134 1420 2177 γευσάμενος.

782 2183 832 2213 At
857 2182 1021 2213 nimirum
1044 2184 1094 2214 ita
1124 2183 1281 2223 profecto
1315 2184 1420 2215 etiam

783 2226 846 2258 τοῦ
869 2232 950 2259 ante
975 2228 1020 2270 μὴ
1045 2227 1223 2267 μαθόντος
1244 2230 1421 2262 inculcan-

783 2274 863 2305 dum
890 2274 976 2314 fuit,
1001 2275 1094 2316 quod
1118 2285 1221 2307 nemo
1246 2277 1313 2308 erit
1337 2277 1421 2318 quin

783 2319 934 2352 fateatur
972 2322 1065 2353 iusto
1113 2322 1190 2354 fore
1238 2323 1420 2355 audacius.

782 2365 856 2398 Nec
900 2376 984 2398 vero
1029 2368 1178 2400 articulo
1227 2378 1314 2410 opus
1356 2372 1420 2401 est.

783 2411 874 2444 Nam
903 2414 1051 2454 primum
1085 2414 1242 2456 loquitur
1271 2415 1422 2447 Atheni-

783 2459 876 2490 ensis
919 2459 1118 2500 indefinite,
1162 2461 1299 2494 dicens:
1338 2461 1420 2493 dif-

786 2505 878 2536 fert
937 2507 1217 2547 permultum‚
1276 2511 1420 2540 utrum

789 2552 889 2592 quis
913 2561 998 2583 rem
1023 2552 1237 2584 didicerit
1260 2563 1311 2585 an
1335 2564 1420 2586 non

787 2597 1018 2636 didicerit3
1049 2597 1175 2630 deinde
1203 2603 1319 2632 autem
1340 2610 1420 2642 per-

788 2643 854 2684 git:
880 2648 922 2675 et
943 2645 999 2684 is,
1036 2645 1111 2685 qui
1146 2646 1418 2680 exercitatus

789 2694 866 2729 est,
891 2690 1156 2732 permultum
1185 2691 1345 2724 differt
1366 2694 1419 2726 ab

1043 2746 1149 2786 18*
