1644 2886
172 71 255 115 DE
287 68 566 114 Lssfflssns
600 69 719 112 [ΑΒ.
754 69 808 113 v,
858 69 904 112 P.
939 70 1034 111 735).
1071 54 1263 111 740.'St..
1364 70 1412 108 61

49 187 116 239 ὡς
150 186 240 245 ἄρα
278 191 342 232 δεῖ
384 187 463 232 τὸν
497 186 693 243 λαχόντα
731 183 813 239 τὴν
859 186 983 239 λῆξιν
1019 184 1188 238 ταύιην
1226 187 1418 241 νομίζεῐν

55 259 136 309 μὲν
170 253 327 308 κοινὴν
372 252 520 308 αὐτὴν
562 256 642 306 τῆς
691 254 859 304 πόλεως
904 251 1158 307 ξυμπάσης,
1203 255 1419 308 πατρίδος

54 325 99 366 δὲ
150 319 286 374 οὔσης
309 325 400 377 -τῆς
429 321 577 378 χώρας
613 321 882 378 θεραπεύειν
918 318 1060 372 αὐτὴν
1098 317 1119 380 [
1131 316 1229 380 δεῖ]
1271 319 1416 376 μειζό-

55 407 138 440 νως
166 387 202 442 ἢ
239 395 407 447 μητέρα
442 391 630 439 παῖδας,
667 390 728 443 τῷ
764 391 837 431 καὶ
881 389 1120 434 δέσποιναν
1168 386 1286 430 θεὸν
1333 386 1415 430 αύ-

54 455 136 509 τὴν
181 449 320 500 οὖσαν
356 458 545 508 θνητῶν
590 453 734 499 ὄντων
765 460 1005 510 γεγονέναι,
1045 452 1190 497 ταύτὰ
1228 453 1262 497 δ’
1305 458 1416 511 ἔχειν

52 522 337 578 διανοήματα
383 525 456 567 καὶ
506 524 603 579 περὶ
638 520 743 573 τοὺς
786 525 1020 577 ἐγχωρίους
1056 520 1198 572 θεούς
1238 538 1281 564 τε
1315 521 1413 577 ἅμα

50 592 123 633 καὶ
157 594 384 644 δαίμονας.
425 588 546 640 ὅπως
581 587 614 631 δ’
654 587 714 634 ἂν
750 590 895 632 ταῦτα
944 592 1004 638 εὶς
1040 586 1119 630 τὸν
1154 587 1225 632 ἀεὶ
1244 587 1414 645 χρόνον

0 664 2 719 s
50 656 191 707 οὕτως
226 662 384 713 ἔχοντα
419 655 610 716 ὑπάρχῃ,
646 656 752 700 τάδε
787 656 1181 711 προςδιανοητέον,
1219 654 1323 699 ὅσαι
1357 661 1440 700 εὶ-“

0 723 2 729 ’
49 728 89 767 σι
129 723 181 767 τὰ
228 726 307 767 νῦν
344 722 450 780 ἡμῖν
486 727 626 767 ἑστίαι
677 725 1022 776 διανεμηθεῖσαι
1066 719 1147 765 τὸν
1190 721 1414 779 ἀριθμόν,

49 885 124 913 tunt
158 892 193 912 τε
220 880 258 914 Ξ.
270 879 344 912 διι-
379 884 413 912 et
439 878 647 912 Bekkeriaui
673 888 813 922 omues,
846 877 1123 920 quandoquidem
1151 875 1266 909 editor
1291 876 1414 908 soller-

49 928 204 959 tissimus
231 927 263 957 in
290 925 555 959 Commentariis
587 923 667 957 nihil
694 924 759 956 nisi
785 925 958 966 vulgatam
984 924 1100 956 attulit
1126 923 1329 962 lectionem,
1356 932 1414 954 co-

48 972 160 1005 dicum
181 972 384 1004 varietatem
410 982 477 1004 non
503 971 718 1004 memoravit.
746 969 964 1012 Quamquam
990 971 1188 1012 scrupulum
1213 968 1319 1001 iniicit
1347 968 1414 1000 Ba-

48 1019 104 1050 stii
130 1017 174 1050 de
200 1017 291 1051 AB.
319 1022 354 1049 et
377 1019 425 1050 Ω.
452 1017 637 1050 silentium.
689 1016 925 1049 Omissionem
960 1016 1105 1049 voculae
1135 1015 1239 1048 etiam
1270 1024 1290 1047 e
1316 1013 1412 1047 Mon.

49 1068 200 1096 notatam
229 1062 403 1096 habemus.

19 1238 22 1240 v
47 1203 184 1232 tsneum
211 1202 278 1237 est,
304 1198 440 1232 tertiam
456 1207 595 1240 quoque
610 1198 692 1230 civi-

47 1249 165 1285 tatem,
181 1253 286 1286 quam
302 1244 402 1277 Plato
420 1244 692 1286 significat‚Ari-

44 1291 228 1323 stotelicae
243 1290 440 1323 sententiae
456 1290 602 1332 intelligi
613 1300 693 1322 cou-

36 1333 257 1376 sentaneum.
312 1335 434 1376 Neque
460 1337 549 1368 enim
575 1336 693 1369 existi-

47 1382 207 1416 mandum
242 1385 297 1415 est
322 1380 563 1424 philosophum
594 1383 692 1415 nolu-

45 1429 114 1462 isse
143 1428 186 1462 ad
217 1428 330 1470 legum
373 1429 596 1470 scriptionem
632 1427 693 1460 de-

47 1475 231 1513 ·cendere,
249 1477 394 1516 propter
418 1485 478 1515 ea,
506 1485 595 1516 quse
621 1484 695 1507 ma-

46 1530 114 1563 gun.
137 1529 213 1553 cum
239 1519 477 1553 contemtione
503 1521 546 1553 de
573 1521 693 1562 vulga-

47 1566 141 1599 ribus
166 1566 457 1608 legumlatoribus
483 1577 524 1598 ac
542 1567 622 1599 viris
644 1566 693 1598 ci—

45 1613 166 1645 vilibus
191 1612 333 1652 scripsit
360 1611 469 1654 legg.
497 1612 526 1645 1.
553 1624 588 1655 p.
611 1612 692 1647 630.

45 1657 84 1691 Β.
109 1658 211 1700 Reip
233 1658 292 1692 lv
309 1668 341 1699 ρ.
361 1657 442 1692 425.
469 1658 508 1690 E.
527 1668 602 1700 sqq.
620 1659 692 1691 Po-

44 1703 124 1740 litic.
158 1714 191 1747 p.
224 1703 306 1737 302.
347 1704 392 1736 A.
427 1704 472 1735 nl.
521 1703 690 1737 Nimirum

46 1749 144 1783 Plato
170 1751 238 1782 etsi
262 1749 426 1792 optimam
445 1750 617 1784 civitatem
638 1750 690 1782 vi-

43 1796 92 1828 dit
117 1805 193 1828 eam
211 1806 304 1835 esse,
329 1804 396 1836 qua
416 1805 479 1827 uua
503 1795 689 1835 hominum,

42 1841 70 1873 si
106 1842 165 1882 qui
200 1841 286 1872 satis
330 1839 409 1872 boni
441 1851 483 1872 uc
514 1842 691 1882 sapientes

43 1886 149 1918 futuri
177 1891 312 1925 essent,
345 1887 437 1918 sulus
467 1896 509 1918 ac
545 1886 692 1919 felicitas

43 1931 193 1965 maxime
207 1933 445 1964 contineretur
454 1935 591 1969 ‚stamen
606 1933 689 1964 item
698 1958 702 1963 ,

42 1978 143 2010 facile
166 1977 431 2018 animadvertit,
457 1977 691 2011 imbecillitate

44 2023 219 2056 hominum
245 2023 376 2055 factum
403 2033 499 2060 esse,
526 2026 564 2055 ut
590 2024 688 2062 tales,

41 2070 162 2112 quales
175 2069 252 2102 fere
269 2073 398 2108 essent,
415 2070 603 2102 existerent
619 2071 689 2102 rei—

22 2154 31 2159 ·
42 2113 362 2157 publicse‚ideoque
375 2114 569 2147 faciendum
582 2116 685 2149 etiam

42 2162 192 2203 putavit,
226 2165 264 2194 ut
290 2161 390 2194 malis
421 2171 539 2194 earum
566 2164 688 2194 utcun-

40 2216 109 2248 que
152 2211 408 2240 occurreretur.
444 2216 476 2240 v.
521 2207 684 2250 Prolegg.

41 2253 84 2286 nd
109 2251 292 2286 Politicum
319 2263 351 2295 p.
377 2251 425 2287 93
451 2263 525 2295 sqq.

86 2295 233 2354 ἐπειδὴ
266 2297 312 2331 τὸ
354 2299 564 2331 τοιοῦτον
602 2303 684 2339 μεῖ-

41 2344 116 2385 ζον
141 2341 163 2387 ἢ
186 2310 290 2378 κατὰ
315 2339 619 2384 τ.-11ηί.οῗον
645 2343 681 2378 ιδ

42 2389 140 2431 κοινῇ
166 2394 339 2433 γεωργεῖν.
376 2391 434 2423 De
466 2390 682 2432 difficultate,

39 2445 140 2477 quam
166 2438 319 2479 optimae
351 2437 497 2470 civitatis
523 2437 681 2470 inu-odu-

40 2481 109 2514 etio
134 2482 166 2513 in
191 2481 242 2514 his
263 2481 437 2515 hominum
464 2483 622 2516 moribus
648 2489 684 2516 et

40 2527 211 2560 institutis
242 2527 395 2561 habitura
426 2528 492 2569 sit,
526 2539 557 2564 v,
582 2530 681 2562 locos

41 2571 266 2615 Reipublicae
276 2574 574 2608 celebratissimos
582 2575 679 2608 Libr.

42 2617 84 2651 V.
112 2628 148 2660 p.
169 2617 251 2654 471.
278 2618 317 2653 O.
342 2629 417 2662 sqq.
443 2620 507 2652 lx.
540 2632 574 2664 p.
598 2621 679 2657 592.

45 2665 84 2697 Α.
109 2673 184 2706 sqq.

815 1196 855 1230 P.
891 1196 968 1232 740.
1011 1194 1226 1238 πατρίδος
1259 1194 1307 1228 δὲ
1348 1193 1416 1227 οὕ-

767 1244 910 1285 σης--]
927 1247 967 1276 et
993 1252 1123 1285 quum
1147 1241 1203 1275 ad
1229 1242 1413 1284 patriam

764 1290 992 1331 pertineat
1024 1293 1142 1321 terra
1169 1289 1263 1321 sive
1289 1287 1415 1330 regio

765 1337 881 1378 <quam
898 1334 1106 1377 acceperit),
1125 1335 1195 1377 ips
1207 1344 1269 1367 um
1286 1343 1413 1376 opor-

767 1386 859 1414 tere
911 1381 1052 1422 magis
1108 1390 1199 1413 eam
1257 1381 1413 1413 colere

764 1437 887 1469 quam
920 1432 1104 1460 matrem
1138 1426 1327 1466 liberos,
1362 1436 1412 1459 eo

762 1474 873 1515 quod
901 1475 1034 1506 etiam
1060 1473 1140 1505 dea
1167 1473 1226 1505 sit
1254 1477 1412 1505 morta-

763 1520 865 1552 lium
901 1519 1086 1552 domina.
1129 1518 1186 1551 De
1220 1518 1412 1561 postremis

761 1566 855 1598 conf.
882 1565 1095 1621 Sophocl
1111 1564 1226 1618 Antig.
1254 1576 1287 1597 v.
1309 1564 1410 1599 338³

761 1611 859 1643 θεῶν
896 1623 930 1643 τε
974 1609 1033 1643 τὰν
1072 1607 1284 1666 υπεριάταν,
1329 1610 1410 1646 Γᾶν,

761 1655 938 1698 ἄφθιτον,
980 1655 1157 1697 ἀκαμάται
1203 1653 1410 1700 ἀποτρύεται

762 1703 943 1744 ἰλλομένων
963 1702 1119 1746 ἀρότρων
1147 1703 1223 1735 ἔτος
1247 1703 1298 1736 εἰς
1321 1704 1409 1736 ἔτος.

759 1752 836 1782 coll.
887 1751 937 1783 De
970 1751 1059 1793 Rep.
1092 1750 1157 1784 lX.
1192 1761 1224 1792 p.
1257 1748 1340 1786 5754
1370 1750 1410 1784 D.

760 1795 898 1839 Quippe
936 1797 1077 1830 omnino
1119 1795 1297 1837 Tellus,
1337 1797 1411 1829 sive

759 1841 910 1881 Terra,
935 1846 1100 1884 tauquam
1125 1843 1321 1875 communis
1337 1852 1410 1875 ma-

759 1893 826 1928 ter,
852 1889 883 1920 in
908 1897 1055 1920 numero
1085 1887 1231 1920 deorum
1258 1887 1413 1920 habeba-

760 1937 827 1965 tur.
855 1943 887 1965 v.
914 1933 1105 1965 Macrob.
1133 1932 1276 1965 Saturn.
1311 1933 1342 1966 Ι.
1380 1942 1410 1964 c.

760 1979 815 2013 10.
857 1982 893 2011 et
935 1979 984 2013 12.
1022 1977 1160 2011 Cen-da
1203 1977 1246 2011 nd
1291 1978 1408 2019 Virgil.

758 2026 847 2058 Aen.
872 2024 949 2058 Vll.
983 2034 1015 2056 v.
1042 2024 1121 2059 136.
1176 2024 1331 2058 Verbum
1360 2022 1416 2056 δεῖ

758 2072 906 2104 moleste
938 2071 1126 2112 repetitum
1161 2071 1259 2103 uncis
1290 2072 1408 2104 seclu-

757 2118 875 2150 simus.
910 2115 1027 2149 Fluxit
1050 2117 1138 2149 enim
1159 2116 1348 2150 manifesto
1367 2127 1409 2150 ex

755 2165 989 2204 glossemate,
1024 2166 1062 2195 ut
1099 2173 1208 2205 supra
1250 2173 1283 2205 p.
1326 2163 1408 2199 733.

756 2208 800 2241 C.
825 2213 861 2242 et
887 2209 926 2241 D.
955 2206 1007 2240 δεῖ
1031 2207 1263 2241 διανοεῖσθαι.

799 2255 841 2287 Β.
879 2253 996 2287 ὅπως
1026 2252 1147 2288 δ”ἇν
1186 2256 1317 2288 ταῦτα
1347 2255 1410 2288 εἰς

755 2298 829 2332 τὸν
867 2298 929 2334 ἀεὶ
962 2301 1036 2344 χρ]
1087 2301 1223 2336 Similis
1254 2302 1409 2334 sanxisse

755 2346 952 2391 Lycurgum
986 2346 1124 2389 legibus
1165 2349 1258 2389 suis,
1288 2351 1408 2380 osten-

753 2391 839 2426 dunt
877 2392 910 2426 M
931 2393 1098 2426 iillerus
1142 2394 1192 2427 De
1225 2393 1409 2426 Doriensi-

750 2437 814 2471 bus
841 2439 925 2471 Vol.
958 2439 999 2474 ll.
1029 2450 1061 2481 ρ.
1092 2439 1157 2474 189
1184 2450 1258 2481 sqq.
1285 2438 1324 2473 C.
1343 2439 1408 2472 Fr.

755 2483 784 2516 H
801 2494 990 2518 ermann.
1030 2485 1261 2526 Antiquitatt.
1287 2485 1350 2517 Gr.
1378 2484 1406 2527 §.

750 2530 812 2570 28.
833 2542 863 2574 p.
891 2531 935 2566 76
960 2542 1010 2574 sq.
1039 2531 1096 2564 ed.
1121 2531 1156 2565 3.
1188 2530 1282 2564 idem
1299 2530 1406 2564 Com-

751 2579 910 2610 mentstt.
953 2578 1009 2612 De
1034 2577 1255 2618 vestigiis
1280 2577 1405 2610 insti-

750 2626 948 2656 tutorum
973 2628 1171 2656 veterum
1201 2633 1280 2665 per
1302 2622 1401 2656 Pia-

749 2669 866 2702 tonis
905 2669 955 2703 ‹le
997 2666 1396 2710 Legibus'libros
