1644 2886
220 280 260 320 Ι)

302 92 355 130 46
771 89 1144 134 PLATONIS

302 206 438 256 κοπῆς
482 205 552 246 καὶ
593 204 729 257 νομῆς
772 207 866 257 πέρι
913 203 1057 257 δεινὴν
1103 210 1173 248 καὶ
1226 211 1495 252 ἐπικίνδυνον
1533 214 1622 264 ἔριν

301 270 519 327 ἐξέφυγεν·
554 265 608 319 ἣν
641 271 998 320 νομοθετεῖσθαι
1030 270 1359 333 ἀναγκασθείσῃ
1393 274 1513 318 πόλει
1536 276 1644 328 τῶνζ

299 335 490 389 ἀρχαίων
532 333 632 376 οὔτε
678 336 756 376 ὲᾶν
792 333 885 376 οἶόν
920 353 965 379 τε
997 335 1207 390 ἀκίνητον
1251 338 1368 383 ot'sst'⁴
1398 334 1455 384 αὖ
1491 349 1644 385 κινεῖν-

298 398 488 443 ὃυνατόν
521 403 610 442 ἐστι’
643 416 742 443 τινα
779 399 970 456 τρόπον,
1006 402 1102 458 εὐχὴ
1153 407 1197 446 δὲ
1229 406 1389 460 μόνον,
1431 405 1487 457 ὡς
1524 412 1623 458 ἔπος

298 471 458 520 εἰπεῖν,
504 468 695 509 λείπεται
735 469 807 509 καὶ
860 467 1017 521 σμικροὶ
1071 470 1306 525 μετάβασις
1349 471 1536 528 εὐλαβὴς
1577 478 1623 516 ἐν

297 533 443 586 πολλῷ
451 530 596 586 χρόνῳ
608 531 789 588 σμικρὸν
799 533 1176 589 μεταβιβάζουσιν.
1191 536 1217 590 ἡ
1232 541 1274 580 δὲ
1288 539 1372 580 τῶν
1386 540 1622 582 κινούντων
1637 548 1644 554 ”

298 597 365 641 ἀεὶ
409 605 673 652 κεκτημένων
715 602 794 653 μὲν
837 598 983 643 αὐτῶν
1029 603 1111 654 γῆν
1164 602 1377 661 ἄφθονον
1427 597 1644 661 ὑπαρχει,Ξ

298 669 563 718 κεκτημένων
599 667 643 706 δὲ
679 668 750 707 καὶ
775 665 999 721 ὀφειλέτας
1029 665 1180 718 αὐτοῖς
1203 671 1407 725 πολλοὺς,
1441 673 1644 719 ἐθελόν-Υ

298 747 385 772 των
421 747 464 773 τε
501 731 666 774 τούτων
702 748 759 790 πη
804 742 894 781 τοῖς
929 733 1246 788 ἀπορουμενοις
1300 735 1356 779 δι’
1385 742 1644 781 ἐπιείκειαν

226 799 266 843 Ε
303 806 538 849 κοινωνεῖν,
572 813 626 839 τα
662 800 741 852 μὲν
775 796 998 855 ἀφιέντας,
1035 817 1087 842 τα
1124 802 1168 844 δὲ
1205 818 1477 857 νεμομενους,
1512 802 1623 865 ἁμη-

296 867 402 923 γέηη
436 865 514 916 τῆς
546 862 826 920 μετριότητος
869 870 1096 920 εχομενους
1141 884 1213 910 και
1255 872 1407 912 πενίαν
1443 868 1617 925 ἡγουμε-

389 994 430 1025 D.
456 989 554 1026 οἷόν
579 1005 622 1026 τε
649 991 856 1037 ἀκίνητον
881 995 980 1027 οὔτ’
1005 1008 1052 1026 αυ
1073 996 1135 1038 -]
1168 1000 1253 1029 Ante
1277 996 1348 1030 off’z
1374 993 1421 1030 αιῖ
1445 1000 1545 1040 vulgo
1571 1000 1622 1031 in-

298 1043 424 1071 sertum
452 1040 626 1080 legebatur
650 1039 757 1077 οὕδέν,
783 1039 873 1081 quod
899 1044 992 1072 recte
1018 1043 1150 1073 censuit
1176 1042 1350 1075 Bekkerus
1374 1045 1405 1076 in
1432 1044 1621 1078 Commeat..

298 1084 389 1116 critt.
423 1085 650 1117 omittendum
687 1096 763 1117 esse
797 1095 872 1117 cum
899 1087 944 1117 A.
959 1086 999 1118 B.
1016 1087 1065 1118 Ω.
1081 1087 1118 1121 Ξ.
1135 1097 1163 1120 ν.
1176 1088 1199 1119 f.
1216 1087 1245 1120 Ιι
1260 1099 1286 1120 r.
1301 1099 1331 1120 ιι.
1346 1099 1374 1121 c.
1388 1089 1418 1123 δ.
1434 1101 1461 1122 ο.
1471 1100 1504 1122 x.
1553 1090 1622 1122 Pro

296 1129 369 1161 οὔτ’
396 1125 441 1161 αὖ
468 1131 619 1162 nonnulli
647 1127 722 1162 οὔτ’
746 1129 799 1162 ἅν.

387 1178 545 1218 μεταβι
537 1174 770 1217 ιβᾰζουσιν,
797 1189 814 1216 η
841 1174 886 1205 δὲ
910 1172 984 1206 τᾶν
1008 1175 1242 1209 κινούντων
1260 1179 1320 1219 -]
1343 1178 1516 1212 Bekkerus
1537 1180 1621 1212 scri-

297 1221 382 1273 psit:
407 1221 697 1262 μεταθιβιίζουσιν
722 1220 790 1262 &fide
818 1224 884 1252 τιῖι
906 1219 1097 1253 κινούντων.
1134 1222 1231 1255 Idem
1258 1223 1378 1255 deinde
1405 1225 1623 1266 probantibus

297 1266 397 1298 etiam
424 1267 606 1298 triumviris
631 1267 874 1298 Turicensibus
899 1272 932 1297 et
956 1265 1166 1300 Schneidero
1195 1268 1288 1300 dedit
1311 1268 1491 1310 υπάρχειν,
1516 1270 1622 1302 infini-

297 1312 416 1352 tivum,
441 1321 542 1353 quem
570 1311 692 1344 habent
708 1313 752 1346 A.
764 1312 802 1344 B.
813 1313 861 1343 Ω.
874 1311 910 1345 Ξ.
930 1321 1006 1343 cum
1027 1313 1151 1345 ceteris
1175 1314 1275 1345 codd.
1301 1315 1469 1356 omnibus,
1493 1319 1531 1347 ut
1549 1316 1622 1357 qui-

711 1392 732 1416 0

345 1426 388 1457 D.
419 1420 520 1466 εὐχὴ
552 1422 595 1455 δὲ
618 1422 781 1466 μόνον]
818 1421 926 1466 Εὐχή,

298 1475 335 1503 ιιι
364 1471 437 1504 Lat.
465 1473 631 1510 votum,
661 1469 784 1502 dicitur
809 1470 851 1502 de
875 1481 926 1510 re,

298 1526 399 1558 quam
426 1519 571 1556 expetas
591 1515 740 1556 quidem,
756 1516 816 1547 sed
841 1525 928 1556 quae

297 1567 356 1595 aut
374 1561 465 1593 irrita
485 1562 530 1592 sit
547 1565 682 1592 autnon
700 1561 801 1593 facile
818 1561 928 1593 obtin--

298 1617 381 1648 gere
400 1616 503 1647 posse
521 1605 681 1638 videatur
699 1617 728 1636 v.
743 1607 785 1637 ad
804 1607 927 1647 Remp.

298 1653 343 1685 V.
370 1662 401 1692 p
428 1651 927 1685 450.1›.conf.Libr.V111.

325 1696 436 1730 .841.
464 1695 552 1728 C.X.
577 1706 608 1737 p.
633 1696 710 1731 887.
728 1696 767 1728 C.
793 1695 929 1728 Nosdi-

299 1744 424 1776 cimus.
455 1742 517 1772 ein
532 1741 676 1773 fromm
690 1752 732 1774 er
746 1740 929 1772 Wunsch.

343 1786 492 1828 μεταβι
484 1785 724 1828 ιβάζουσιν.
741 1783 762 1826 η’
784 1785 827 1817 δὲ
851 1786 930 1817 τῶν

299 1830 452 1867 κινούν
463 1829 780 1885 ι·ων-ὖπαρχει
802 1832 861 1873 -]
887 1832 929 1863 In

299 1879 349 1913 his
373 1879 532 1919 quoniam
559 1878 656 1910 codd.
683 1880 846 1919 scriptum
869 1886 928 1909 ex-

298 1924 412 1958 hibent
428 1920 805 1964 ὁπᾰρχεινίιιῆιιίῑίνιιιιι,
824 1922 849 1954 Β
861 1922 927 1955 ek-

297 1971 430 2003 kerus
449 1969 576 2008 reliqna
601 1968 808 2001 refinxitsic:
831 1978 927 2007 μεια-

296 2013 502 2057 βιβάζουσιν
519 2011 586 2055 ἥδε,
603 2017 668 2045 τῶν
685 2012 869 2045 κινούντων
881 2030 926 2036 —

300 2059 459 2101 ὑπάρχειν
483 2060 546 2093 κτλ
580 2058 649 2091 Sed
677 2069 718 2092 ea
742 2059 929 2091 mutatione

298 2108 393 2140 tonus
425 2115 491 2138 non
524 2104 722 2137 emendatus
758 2103 819 2136 sed
855 2107 928 2135 tur-

298 2153 387 2195 piter
414 2150 618 2204 depravatus
644 2154 707 2182 est.
749 2149 836 2183 Nam
861 2149 930 2190 pri-

297 2206 390 2231 mum
433 2195 524 2228 verbi
568 2191 727 2236 ὑπάρχειν
768 2204 851 2226 usus
887 2194 929 2227 nb

298 2242 363 2276 hoc
386 2242 466 2274 loco
491 2241 663 2275 abhorret.
713 2239 843 2272 Deinde
867 2248 930 2272 nec

298 2286 477 2321 verborum
504 2286 731 2325 constructio,
757 2288 929 2325 utcunque

298 2333 510 2371 instituetur,
536 2335 629 2363 recte
654 2331 807 2373 expediri
832 2335 930 2372 pote-

299 2379 354 2412 rit.
382 2377 515 2416 Nece,
549 2377 692 2417 opinor,
726 2375 927 2417 Stephan.

301 2421 456 2465 ὑπάρχει,
502 2422 593 2463 quod
637 2423 737 2454 etiam
780 2421 810 2452 in
853 2419 929 2453 Ald.

305 2470 399 2503 Basa.
428 2467 458 2502 1.
483 2467 514 2500 2.
547 2467 709 2507 scriptum
734 2470 848 2506 extat3
878 2469 929 2497 at-

298 2525 366 2557 que
389 2513 464 2546 libri
488 2512 529 2544 ad
557 2522 658 2544 unum
684 2521 803 2544 omnes
838 2509 857 2554 ἡ
883 2508 929 2548 δὲ,

301 2569 368 2593 non
405 2555 473 2601 ἥδε.
523 2557 601 2591 Qua
625 2558 772 2590 lectione
795 2559 930 2590 servata

301 2604 355 2638 bic
379 2614 500 2636 sensns
525 2613 543 2634 e
558 2602 670 2634 verbis
685 2603 770 2635 exit.
794 2613 842 2634 ee
866 2610 929 2633 ve-

302 2661 346 2683 ro
377 2650 447 2685 (sc.
481 2644 599 2690 σμικρὰ
623 2646 803 2688 μετάβασις
831 2642 928 2680 svau·

989 1423 1078 1466 ’ῥ’ἤς)
1103 1426 1316 1467 suppetit,
1350 1437 1376 1459 s.
1397 1427 1434 1459 in
1459 1431 1623 1468 promtu

994 1474 1064 1502 est
1097 1471 1205 1508 (facili
1237 1473 1377 1512 negotio
1419 1473 1622 1514 perficitur),

995 1516 1030 1546 si
1065 1515 1115 1557 ii,
1145 1516 1213 1556 qui
1238 1516 1337 1549 data
1361 1518 1622 1559 opportuna·-

995 1564 1083 1592 tate
1121 1565 1308 1594 veterem
1355 1567 1507 1595 statum
1553 1562 1623 1595 im·

995 1609 1153 1638 mutant
1185 1605 1404 1648 (κινοῦντες),
1428 1608 1510 1648 ipsi
1532 1617 1621 1649 pos-

997 1650 1338 1684 sideantmnltos
1356 1652 1621 1693 agros‚item-

997 1703 1081 1735 que
1118 1695 1198 1737 ipsi
1236 1695 1421 1729 habeant
1459 1698 1621 1733 multoe

999 1740 1250 1781 debitores,
1305 1746 1430 1783 atque
1481 1742 1619 1783 parati

998 1785 1085 1816 sint
1124 1795 1210 1819 cum
1250 1787 1450 1828 inopibus
1486 1787 1617 1827 Ιιιιιιιιιι,

996 1830 1110 1862 niter
1141 1831 1305 1872 aliquid
1336 1832 1628 1884 οοιιιιιιιιιιὶιιιιγγ

996 1884 1061 1915 re,
1091 1876 1175 1908 alia
1204 1876 1372 1917 quidem
1407 1877 1643 1910 remittem-

995 1923 1077 1957 tes,
1122 1922 1211 1954 alia
1248 1921 1298 1954 de
1341 1922 1428 1954 suis
1462 1923 1621 1964 imper-

995 1965 1184 2006 tientes,
1221 1963 1311 1999 d‘um
1355 1967 1505 2008 aliquo
1544 1977 1622 1999 mo-

995 2010 1046 2043 do
1087 2015 1308 2044 sectentur
1350 2012 1622 2045 mediocrita-

996 2059 1101 2097 tem,
1146 2061 1273 2098 atque
1319 2043 1644 2099 paupertatem?

995 2101 1261 2137 arbitrentur
1297 2102 1455 2134 nonin
1493 2104 1644 2150 οριιιιιῐξ

996 2145 1288 2179 deminutione
1333 2146 1411 2180 sed
1454 2148 1493 2180 in
1535 2158 1637 2186 cre-·

996 2195 1145 2225 scente
1170 2191 1416 2234 cupiditate
1421 2180 1641 2247 Ροιίῑοιιιῇ

996 2247 1104 2270 esse.
1151 2237 1217 2269 Hic
1242 2247 1378 2279 quoque
1409 2233 1465 2270 ἀεί
1485 2243 1537 2271 est
1560 2247 1635 2274 ιιοη

995 2277 1119 2315 etrnm:
1151 2281 1380 2323 iedesnml
1409 2284 1638 2326 pertinetqueu·

995 2326 1039 2359 ad
1075 2327 1141 2358 τῶν
1184 2325 1380 2361 κινούντων.
1443 2327 1635 2378 Participia·

997 2368 1154 2413 ἀφιέντας
1185 2377 1220 2405 et
1251 2372 1475 2414 νεμομένους,
1502 2370 1636 2419 quam-fi

995 2418 1045 2450 vis
1069 2418 1219 2459 genitivo
1245 2418 1484 2461 praecedente,
1509 2422 1634 2462 tarnem

995 2464 1186 2496 accusativo
1215 2464 1324 2506 posita
1345 2468 1440 2504 sunt,
1468 2464 1545 2506 quia
1569 2473 1622 2495 re·
1627 2457 1637 2483 ²-

995 2508 1150 2540 feruntur
1185 2508 1228 2540 ad
1270 2509 1468 2542 infinitivum
1505 2519 1628 2540 κοινω-

997 2557 1077 2585 νεῖν.
1112 2565 1142 2585 ν.
1168 2554 1269 2587 Κοιι.
1307 2553 1349 2586 ad
1375 2552 1519 2608 Gregor.
1553 2540 1636 2598 Οο-Ᾰι

995 2597 1093 2631 rinth.
1124 2609 1156 2641 p.
1186 2599 1231 2633 38
1263 2603 1298 2632 et
1327 2599 1401 2634 79.
1428 2598 1629 2649 Pronnmen

998 2642 1126 2677 τούτων
1164 2645 1396 2678 connectimus
1436 2653 1514 2677 cum
1555 2633 1635 2677 wlsi

1624 2741 1633 2778 ἰ

1622 2777 1632 2830 {⁴

1622 2835 1624 2869 i
