1644 2886
126 338 202 379 767

236 81 312 123 168
366 52 371 54 ’
694 81 1066 127 PLATONIS

231 211 305 238 ναι
345 196 426 251 χρὴ
475 194 575 245 τοὺς
622 199 932 246 ἐπικαλοῦντας
979 196 1186 249 ἀλλήλοις
1231 202 1301 241 καὶ
1347 199 1447 250 τοὺς
1480 205 1551 259 φί-

234 264 336 312 λους
386 278 428 304 τε
477 264 548 303 καὶ
583 261 830 313 ξυνειδότας
865 261 887 304 ὅ
927 279 967 305 τι
999 264 1187 317 μάλιστα
1226 264 1303 315 τὰς
1336 264 1552 324 αμφιςβη-

235 334 445 383 τουμὲνας
491 327 686 380 πράξεις·
731 327 808 371 ἐὰν
853 328 892 371 δ’
943 328 1033 384 ἄρα
1079 329 1138 385 μὴ
1187 335 1232 373 ἐν
1277 331 1451 382 τούτοις
1491 349 1554 381 τις

237 390 392 444 ἱκανὴν
429 396 568 449 κρίσιν
602 393 818 455 λαμβάνῃ,
852 394 961 450 πρὸς
995 395 1102 438 ἄλλο
1139 396 1418 452 δικαστήριον
1455 398 1550 440 ἰ’τω·

237 456 285 501 τὸ
330 461 374 501 δὲ
421 462 590 514 τρίτον,
646 457 703 503 ἂν
750 460 805 503 τὰ
851 460 929 504 δύο
971 461 1224 518 (δικαστήρια
1266 463 1325 517 μὴ
1372 463 1554 516 δύνηται

236 523 477 576 διαλλάξαι,
511 528 630 576 τέλος
664 530 851 569 ἐπιθέτω
890 530 938 587 τῇ
973 530 1082 587 δίκῃ.
1155 529 1330 584 Τρόπον
1368 529 1418 581 δή
1455 547 1552 572 τινα

235 593 306 633 καὶ
345 593 429 633 τῶν
463 594 749 647 δικαστηρίων
794 597 838 635 αι’
873 594 1156 644 καταστάσεις
1189 594 1416 650 ἀρχόντων
1451 598 1553 639 εἰσὶν

234 660 434 711 αἱρέσεις·
488 658 633 701 πάντα
690 663 738 714 μὲ
748 677 768 700 ν

816 658 900 712 γὰρ
949 658 1142 715 ἄρχοντα
1191 660 1435 714 ἀναγκαῖον
1483 665 1554 704 καὶ

326 786 364 817 Ρ.
390 787 465 820 767.
515 787 553 819 Β.
603 786 683 820 δύο
708 786 756 830 δὴ
783 790 859 820 τῶν
884 790 934 831 L]
961 789 1075 822 »istius
1101 790 1187 823 coni.
1217 790 1261 821 δὲ.

236 876 334 908 abest
373 883 409 907 ut
438 877 595 919 populari
631 876 760 910 iudicio
801 879 861 910 tri-

237 921 320 953 buat
358 926 395 954 ut
440 924 587 955 selectos
626 933 666 954 ex
705 924 862 956 omnibus

236 967 488 1008 magistratibus
501 969 699 1009 constituat,
712 979 779 1010 quo
801 979 861 1010 pro

236 1011 369 1044 humani
393 1015 529 1054 generis
552 1013 687 1046 fortuna
712 1014 859 1046 omnium

236 1057 373 1090 minime
429 1058 636 1101 corruptioni
694 1059 860 1091 obnoxios

236 1102 311 1135 fore
335 1103 499 1144 spondet,
536 1109 657 1145 estque
680 1105 746 1136 hoc
770 1104 860 1146 quod

236 1147 420 1180 identidem
452 1150 604 1191 appellat
643 1146 680 1180 τὸ
712 1151 778 1181 τῶν
808 1149 860 1182 ἐκ·

238 1195 360 1235 κρίτων
406 1194 478 1227 sive
515 1194 675 1226 ἐκλεκτῶν
711 1194 864 1237 δικαστή-

238 1249 331 1316 ρΒιον;
355 1240 444 1271 conf.
473 1241 535 1272 ΧΙ.
619 1240 696 1275 926
724 1241 763 1273 D.
785 1241 852 1319 9ἳὲ

240 1285 278 1316 B.
303 1283 380 1319 938.
406 1284 446 1317 Β.
472 1286 547 1318 ΧΙΙ.
573 1284 847 1321 946.1).948.A

236 1331 467 1362 Veruntamen
484 1330 566 1363 haec
590 1333 700 1364 omnia
726 1333 770 1364 ad
796 1333 862 1374 pri-

236 1380 331 1407 vatas
356 1380 482 1408 tantum
516 1387 659 1409 caussas
690 1383 862 1419 spectant3

236 1421 446 1462 publicarum
474 1426 508 1454 et
531 1422 616 1464 ipse,
641 1423 733 1463 quod
763 1423 863 1455 Athe-

233 1466 286 1498 nis
310 1466 342 1498 in
369 1467 556 1499 maiestatis
591 1469 786 1500 criminibus
809 1469 861 1500 fa-

233 1516 323 1544 ctum
357 1521 435 1544 esse
467 1517 622 1553 constat,
660 1514 858 1554 principium

234 1561 269 1589 et
303 1557 404 1589 finem
441 1567 545 1598 penes
588 1560 747 1599 poputum
785 1569 860 1591 esse

232 1602 327 1635 iubet
362 1611 395 1643 p.
428 1602 503 1637 768.
533 1607 572 1638 Λ.
610 1604 860 1644 quaesitoribus

234 1650 362 1679 tantum
387 1647 494 1679 tribus
519 1658 559 1680 ex
588 1649 725 1680 summis
751 1650 858 1690 magi-

231 1693 420 1733 stratibus,
454 1693 496 1725 de
522 1694 643 1735 quibus
667 1695 858 1727 accusatori

236 1746 311 1771 cum
337 1748 396 1770 reo
421 1737 641 1777 convenerit,
665 1740 706 1771 ad
732 1744 861 1781 tempe-

237 1783 376 1815 randam
404 1783 511 1824 piebis
529 1783 686 1817 ferociam
713 1785 862 1827 interpo-

237 1829 328 1868 sitis3
368 1829 530 1869 capitales
560 1834 673 1862 autem
708 1841 863 1868 caussas,

238 1874 281 1906 de
310 1874 432 1915 quibus
463 1873 609 1906 Athenis
646 1878 861 1917 Areopagum

236 1918 406 1952 iudicasse
443 1921 589 1958 scimus,
628 1922 763 1952 selectis
796 1923 860 1953 inis

235 1975 299 1996 una
332 1975 405 1996 cum
440 1966 739 2007 nomophylacibus
765 1968 860 1998 attri—

234 2010 310 2044 buit
347 2010 409 2043 IX.
447 2020 480 2052 p.
521 2010 599 2046 855.
637 2010 676 2043 O.
708 2012 785 2047 871.
817 2013 859 2044 D.

233 2055 311 2090 877.
344 2055 385 2088 Ε.
421 2065 562 2096 quornm
596 2057 723 2089 alteros
759 2068 861 2099 supra

233 2100 381 2133 vidimus
396 2102 551 2143 proxime
566 2101 609 2134 ad
626 2107 740 2135 cetera
753 2107 858 2135 Areo·

234 2148 425 2188 pagitarum
450 2157 611 2188 munera,
643 2158 730 2188 quae
756 2148 857 2180 Athe-

234 2192 284 2224 nis
325 2191 466 2232 suerint,
504 2193 708 2232 accessisse,
750 2194 860 2232 alteri,

234 2239 389 2278 quamvis
404 2239 585 2278 quotannis
602 2239 744 2279 repetita
762 2249 857 2271 crea-

234 2283 339 2321 tione,
364 2286 475 2314 tamcn
501 2282 564 2315 hoc
585 2293 659 2316 cum
686 2285 748 2316 iilis
766 2295 859 2316 corn·

237 2337 338 2360 mune
370 2326 507 2367 habent,
539 2333 573 2360 ut
605 2339 647 2360 ex
678 2331 858 2370 superioris

235 2375 311 2405 anni
349 2373 619 2414 magistratibus,
657 2375 858 2415 probatione

236 2422 408 2460 superata,
432 2418 463 2449 in
484 2419 564 2451 inud
581 2419 752 2459 fastigium
780 2431 857 2453 eve-

237 2462 368 2497 hantur.
393 2463 482 2496 conf.
510 2465 572 2496 VI.
599 2476 631 2507 p.
647 2465 723 2500 767.
742 2466 780 2497 Ι).
801 2466 855 2499 ΙΧ.

237 2519 269 2550 p.
301 2509 378 2544 855.
406 2509 445 2541 C.
498 2509 604 2542 Multa
643 2521 724 2544 sane
757 2512 855 2544 etiam

235 2554 288 2587 hic
314 2554 464 2594 novavit,
489 2565 576 2596 quae
599 2566 695 2597 quum
722 2566 856 2589 manum

236 2600 498 2634 emendatricem
539 2606 658 2643 aperte
702 2602 858 2644 prodant,

235 2653 343 2686 neque
374 2645 523 2679 Athenas
554 2656 662 2688 neque
695 2647 724 2680 in
757 2649 852 2681 aliam

927 879 1096 912 civitatem
1111 879 1279 913 Graecam
1295 881 1469 914 transferri
1493 881 1554 914 dc-

929 924 1027 963 bent‚
1069 925 1209 958 sormam
1245 936 1378 968 quoquc
1413 926 1553 959 iudicio-

928 979 998 1002 rum
1029 971 1170 1002 mutavit
1197 974 1351 1003 ctr.“—
1388 972 1553 1004 Nimirum

929 1015 1030 1047 Plato
1063 1017 1125 1047 tria
1151 1017 1327 1048 constituit
1354 1016 1552 1049 iudiciorum

928 1071 1067 1102 genera:
1096 1061 1237 1103 primum
1258 1062 1460 1094 arbitrorum
1486 1060 1553 1104 (δι-

930 1105 1107 1148 aarum),
1137 1116 1321 1148 eorumque
1351 1109 1401 1140 vei
1426 1110 1554 1139 amico—

928 1161 999 1183 rnm
1025 1162 1066 1183 ac
1091 1152 1271 1185 vicinorum
1287 1151 1342 1185 vel
1366 1153 1467 1184 etiam
1495 1153 1555 1184 tri-

930 1196 1054 1229 bulium
1091 1198 1238 1231 omnium
1271 1204 1316 1236 (v.
1353 1209 1384 1240 p.
1410 1198 1485 1233 768.
1514 1198 1552 1230 Β.

931 1243 1004 1282 (3.),
1030 1242 1116 1284 apud
1142 1253 1229 1284 quos
1257 1253 1395 1276 caussas
1421 1245 1554 1285 iitigan-

930 1287 1011 1320 tinm
1038 1289 1091 1320 bis
1117 1288 1210 1321 iubet
1224 1288 1417 1330 disceptari,
1444 1290 1553 1330 prius-

929 1342 1027 1374 quam
1066 1334 1097 1365 in
1129 1334 1218 1365 aliud
1256 1334 1414 1366 iudicium
1447 1334 1553 1366 dedn-

930 1383 1064 1417 cantnr,
1106 1389 1211 1419 penes
1242 1379 1330 1420 quod
1370 1381 1412 1411 sit
1457 1384 1553 1420 pote-

928 1428 998 1454 stas
1023 1423 1065 1454 de
1088 1424 1190 1455 rebus
1205 1426 1433 1456 controversis
1459 1424 1551 1456 deni-

926 1478 992 1509 que
1007 1467 1227 1508 decernendi3
1252 1469 1411 1510 alterum,
1436 1471 1551 1510 inquo

926 1523 1067 1546 caussae
1098 1515 1251 1555 privatae
1275 1519 1433 1556 agantur,
1465 1525 1552 1556 quae

925 1563 983 1591 aut
1009 1559 1050 1590 ab
1076 1560 1210 1592 arbitris
1226 1561 1383 1601 componi
1410 1570 1475 1592 non
1489 1571 1551 1602 po-

925 1604 1067 1642 tuerint,
1095 1608 1152 1636 ant
1181 1614 1246 1637 non
1272 1605 1313 1637 ad
1339 1606 1415 1637 illos
1444 1606 1551 1638 dedu-

926 1654 1001 1682 ctae
1026 1650 1112 1690 sint3
1141 1652 1275 1682 tertium
1302 1650 1464 1692 denique,
1492 1662 1552 1693 pe-

924 1705 985 1727 nes
1018 1695 1109 1736 quod
1139 1695 1183 1727 sit
1212 1700 1367 1737 potestas
1402 1696 1552 1728 iudican-

929 1740 1045 1772 darum
1090 1750 1284 1773 caussarum
1325 1742 1550 1783 publicarum.
1570 1738 1578 1745 ⁸

928 1785 973 1818 Et
999 1785 1113 1818 arbitri
1128 1785 1261 1827 quidem
1279 1787 1338 1826 ilii,
1361 1796 1445 1827 qnos
1469 1797 1553 1819 con-

930 1831 1060 1870 stituit,
1098 1833 1212 1871 utique.
1253 1831 1408 1864 diaetetis
1449 1831 1551 1865 Athe—

930 1877 1092 1908 niensium
1107 1877 1233 1909 simiies
1257 1881 1347 1915 sunt,
1375 1877 1436 1908 nisi
1461 1877 1551 1918 quod

929 1919 1148 1963 philosophus
1166 1932 1224 1955 eos
1241 1923 1349 1954 voluit
1362 1932 1439 1954 esse
1460 1933 1552 1955 com-

927 1968 1180 2009 promissorios.
1249 1967 1382 1999 ludices
1437 1972 1550 2001 autem

927 2022 1123 2045 caussarum
1159 2013 1362 2054 privatarum
1388 2022 1453 2044 non
1480 2014 1551 2046 exi·-

926 2068 1027 2099 guam
1045 2057 1168 2091 habent
1184 2068 1257 2091 cnm
1273 2057 1430 2089 diaetetis
1448 2058 1551 2092 Athe-

927 2103 1090 2136 niensium
1139 2103 1409 2142 simiiitudinem‚
1463 2113 1550 2145 quos

925 2149 1004 2181 item
1030 2154 1164 2182 constat
1189 2149 1231 2182 de
1256 2149 1386 2180 caussis
1410 2149 1551 2190 privatis

926 2194 1152 2234 iudicavisse,
1197 2196 1240 2226 ita
1271 2198 1399 2230 tamen,
1429 2199 1466 2226 ut
1494 2205 1550 2227 res

925 2244 1162 2272 controversas
1201 2239 1300 2271 etiam
1345 2239 1462 2271 liceret
1506 2240 1548 2272 ad

928 2285 1100 2318 Henastas
1137 2284 1268 2316 deferre
1306 2283 1461 2325 adeoque
1507 2286 1548 2318 ab

925 2331 1058 2363 iliorum
1089 2330 1253 2362 sententia
1280 2329 1320 2360 ad
1345 2328 1458 2361 horilm
1485 2340 1546 2362 au-

924 2376 1114 2408 ctoritatem
1132 2385 1329 2416 provocare.
1350 2375 1465 2416 itaque
1478 2375 1547 2418 phi-

925 2420 1084 2464 losophus
1099 2431 1237 2453 caussas
1249 2420 1399 2461 privatas
1415 2431 1547 2462 omnes,

924 2476 1012 2507 quae
1039 2466 1174 2498 Athenis
1200 2467 1288 2499 inter
1308 2465 1488 2499 Diaetetas
1512 2471 1547 2499 et

925 2511 1098 2545 Heliastas
1120 2511 1253 2544 >divisae
1275 2517 1380 2552 erant,
1404 2512 1449 2544 ita
1472 2512 1545 2552 qni·
1568 2532 1572 2538 -

924 2557 1019 2598 dem,
1044 2562 1080 2589 ut
1104 2557 1190 2598 apud
1217 2557 1278 2590 hos
1304 2558 1470 2590 maximae
1494 2557 1544 2589 fe-

924 2612 960 2634 re
990 2607 1093 2644 atque
1117 2604 1336 2644 gravissimae
1355 2606 1546 2642 agerentur,

923 2647 978 2680 uni
1027 2651 1155 2681 tantum
1210 2648 1333 2681 iudicio
1385 2647 1545 2680 attribuit.
