1644 2886
258 116 339 156 388
747 114 778 153 Ρ
798 85 938 154 ιᾸΑΤ
952 112 1046 155 ΟΝ
1060 114 1081 154 1
1100 115 1131 157 s

257 233 436 285 ιῖρχεται,
481 228 685 281 φαίνεται
721 226 764 266 δὲ
810 223 976 273 πολλὰς
1022 225 1288 282 φερόμενον·
1324 227 1386 270 τὸ
1424 230 1468 270 δὲ
1510 226 1584 270 τοὶ·

252 307 402 348 χιστον
450 282 597 332 αὐτῶν
630 286 682 331 ὃν
725 287 1006 344 βραδυτατον
1039 290 1119 334 οὐκ
1169 290 1324 347 ὀρθῶς
1358 308 1414 335 av
1456 292 1587 344 δοξά-

191 365 228 407 Β
257 360 386 410 ζεται,
422 353 470 397 τὸ
509 353 547 396 δ
586 357 786 397 ἐναντίον
821 359 1039 404 ἐναντίως.
1079 355 1203 398 ταῦτ
1243 350 1323 400 οὗν
1358 362 1394 400 εἰ
1429 362 1587 415 πέφυκε

254 425 336 477 μὲν
372 418 529 469 οὕτως,
564 418 685 474 ἡμεῖς
719 422 764 463 δὲ
798 417 858 473 μὴ
896 419 1032 479 ταύτῃ
1069 422 1308 476 δοξάζομεν
1346 448 1400 453 -
1441 429 1476 465 εὶ
1509 426 1588 478 μὲν

256 493 302 531 ἐν
331 485 542 540 Ὀλυμπίᾳ
587 486 787 528 θεόντων
830 488 973 528 ἵππων
1018 485 1157 537 οὕτως
1195 486 1219 540 ἢ
1265 487 1588 543 δολιχοδρόμων

257 552 433 607 ἀνδρῶν
475 552 775 606 διενοούμεθα
820 554 928 606 πέρι.
979 554 1049 596 καὶ
1095 551 1467 608 προςηγορεύομεν
1510 552 1589 597 τὸν

259 617 466 672 τάχιστον
499 618 578 671 μὲν
611 614 668 666 ὡς
698 614 990 671 βραδύτατον,
1026 615 1104 660 τὸν
1135 616 1182 661 ’δὲ
1217 618 1498 676 βραδύτατον
1532 617 1590 668 ὠς

259 682 484 740 τάχιστον,
521 681 706 735 ἐγκώμιά
745 699 789 725 τε
825 685 1054 732 ποιοῦντες
1088 682 1248 743 ᾔδομεν
1286 682 1363 727 τὸν
1400 683 1588 739 ἡττώμε-

257 765 335 794 νον
368 746 637 799 νενικηκότα,
671 745 771 790 οὕτε
802 746 956 801 ὀρθῶς
985 745 1042 790 ἂν
1065 747 1159 791 οὔτ’
1185 749 1308 803 οἶμαι
1343 752 1591 808 προςφιλῶς

257 822 348 864 τοῖς
384 815 614 870 δρομεῦσιν
652 811 766 869 ἡμᾶς
799 810 947 857 ἆν”το“ι
983 813 1169 869 ἐγκώμια
1205 814 1475 870 προςάπτειν
1509 815 1588 858 άν-

257 881 460 937 Qudnam
494 872 615 922 οὖσι·
652 881 732 921 νῦν
765 882 808 921 δὲ
845 878 897 929 δὴ
935 882 1028 932 περὶ
1066 882 1205 931 θεοὺς
1239 883 1294 924 τὰ
1330 880 1445 923 αὐτοὶ
1485 883 1588 923 ταῦ-

177 944 212 986 C
255 963 311 992 τοι
334 942 727 1001 ἐξαμαρτανόντων
758 942 891 998 ἡμῶν,
926 938 984 1000 ἄρ
1003 943 1099 989 ὀὐκ
1128 946 1334 1002 οἰόμεθα,
1373 944 1396 990 ὃ
1418 945 1590 1000 γελοῖόν

351 1099 390 1130 P.
416 1097 493 1131 822.
543 1095 669 1138 ταύτῃ
703 1095 966 1138 δοξάζομεν]
998 1096 1056 1128 Sic
1089 1108 1153 1139 pro
1181 1100 1270 1139 vulg.
1303 1097 1463 1139 δόξομεν,
1498 1099 1589 1140 quod

260 1143 409 1176 Bekker.
436 1143 636 1174 Schneider.
661 1143 722 1174 alii
750 1147 942 1183 servarunt,
968 1152 1009 1173 ex
1035 1152 1105 1174 uno
1131 1143 1268 1176 Ricard.
1294 1145 1327 1176 h.
1356 1145 1491 1186 scripsi.
1523 1143 1589 1175 Ve-

259 1199 333 1221 rum
358 1190 557 1221 coniectura
581 1193 788 1228 assequutus
818 1193 892 1219 erat
917 1188 1049 1219 Aetius.

350 1235 486 1266 ἵππων
510 1230 666 1274 οὕτως]
688 1233 727 1264 V.
747 1230 858 1264 οὕτως
874 1233 996 1269 ἵππων,
1025 1233 1145 1263 invitis
1172 1232 1271 1264 codd.
1293 1238 1430 1274 praeter
1446 1233 1533 1265 Ven.
1551 1233 1589 1267 Ξ.

350 1279 388 1311 C.
440 1276 639 1317 οἰόμεθα,
668 1275 686 1309 ὃ
713 1279 879 1320 γελοῖον
904 1278 968 1318 -]
998 1275 1017 1308 ὂ
1041 1277 1159 1309 addidi
1187 1287 1228 1308 ex
1251 1277 1388 1311 Ricard.
1414 1279 1448 1310 h.
1469 1279 1591 1310 Astius

258 1323 344 1355 illud
370 1329 449 1356 ante
474 1323 546 1355 ἐκεῖ
568 1324 738 1355 excidisse
762 1324 915 1364 putabat.
942 1322 1138 1364 Stephanus
1165 1333 1248 1354 vero
1274 1329 1354 1355 ante
1380 1325 1513 1365 γελοῖον
1538 1333 1590 1355 re—

258 1369 419 1409 quirebat
442 1369 482 1400 εἰ.
529 1368 762 1401 Schneiderus
788 1366 808 1400 ἃ
833 1373 913 1410 post
938 1366 1085 1407 οίόμεθα
1109 1368 1265 1399 inseruit.
1490 1381 1505 1392 ν

960 1478 1053 1518 vulg.
1072 1475 1216 1519 δόξομεν
1237 1479 1390 1511 Astius
1414 1488 1494 1510 vere
1509 1487 1588 1509 con-

960 1523 1040 1554 iecit
1071 1521 1277 1564 δοξάζομεν,
1314 1525 1407 1565 quod
1439 1533 1481 1555 ex
1506 1523 1589 1555 “cod.

258 1490 303 1512 ου
328 1476 416 1519 πρὸς
440 1476 477 1510 τὸ
509 1475 659 1520 ἥδιστον.
687 1477 891 1530 Protagor.

258 1536 291 1567 p.
317 1524 395 1558 344.
427 1524 472 1556 D.
510 1521 623 1564 ωσπερ
656 1517 720 1553 οὖν
754 1519 798 1554 ου
831 1521 891 1553 τὸν

259 1566 414 1609 κείμενόν
438 1577 487 1599 τις
514 1565 556 1599 ἂι
582 1566 775 1607 καταβάλοι,
810 1563 889 1599 ἀλλὰ

259 1612 318 1646 τὸν
342 1613 401 1653 μὲν
433 1610 560 1644 ἑστωτά
591 1623 671 1643 ποτε
694 1610 889 1652 καταβάλοι

258 1658 302 1691 ἄν
338 1668 385 1691 tls·
419 1655 501 1690 (3818
543 1668 696 1697 κειμένθν
739 1658 889 1699 melfiam,

260 1703 319 1736 ιὸν
350 1703 386 1736 δὲ
425 1706 578 1743 κείμενον
612 1699 670 1740 οὔ,
710 1700 800 1734 οὕτω
836 1703 888 1734 καὶ

259 1762 288 1782 κ.
314 1761 340 1782 ι.
367 1750 393 1780 λ.
430 1748 526 1786 Quae
551 1748 704 1780 centenis
728 1749 805 1780 aliis
830 1758 890 1780 au—

259 1804 341 1837 gere
363 1795 478 1826 liceat.
505 1794 559 1825 De
583 1803 619 1824 re
643 1794 720 1834 ipsa
742 1804 774 1824 v.
801 1793 890 1824 Tim.

257 1851 291 1882 p.
315 1839 369 1874 38.
396 1838 435 1871 C.
461 1849 537 1880 sqq.
563 1839 641 1869 coll.
669 1837 889 1870 Boeckhio

258 1887 295 1918 in
330 1884 438 1916 libro:
484 1883 890 1924 Untcrsuchungen

258 1929 363 1962 iiber
395 1930 468 1961 das
498 1929 797 1960 kosmische
822 1927 892 1970 Sy-

260 1979 367 2008 stem
392 1976 466 2006 des
490 1973 662 2007 Platon.
687 1984 720 2015 p.
738 1973 794 2007 49.
816 1984 891 2015 sqq.

262 2025 296 2052 et
318 2031 352 2061 p.
378 2019 434 2053 51.
455 2029 538 2072 sqq.

305 2065 347 2097 B.
396 2074 492 2095 ταυτ
543 2058 618 2095 οὖν
651 2061 692 2094 εἰ
724 2061 893 2102 πέφυκε

259 2108 332 2148 μὲν
371 2106 508 2141 οὕτως
530 2109 598 2150 -]
630 2109 671 2140 In
708 2107 762 2139 his
802 2109 895 2139 inest

227 2152 488 2208 aposiopesis.
526 2153 618 2185 Nam
642 2157 722 2194 post
743 2149 788 2193 μὴ
813 2150 891 2184 ταύ-

227 2189 298 2240 ιιιτῃ
324 2197 508 2240 δοξάζομεν
532 2203 650 2230 orator
668 2197 800 2229 inhibet
817 2208 892 2229 cnr-

259 2253 335 2276 sum
367 2244 537 2276 orationis
571 2244 788 2283 abruptoque
822 2253 892 2274 ser-

259 2289 373 2322 monis
383 2290 444 2321 filo
463 2289 670 2321 sententiam
688 2297 784 2319 suam
801 2297 893 2319 com-

260 2334 440 2376 paratione
458 2334 578 2375 aliqua
599 2334 774 2365 illustrare
792 2333 891 2364 insti-

261 2379 339 2410 tuit.
388 2378 562 2416 Quocirca
591 2382 673 2419 post
707 2375 893 2418 δοξάζομεν

260 2424 426 2456 lineolam
449 2424 690 2465 apposuimus,
726 2423 893 2464 abruptae

260 2470 429 2501 orationis
451 2469 613 2500 indicem.
655 2468 810 2522 Intelligi
833 2478 893 2500 au-

260 2518 330 2546 tem
352 2514 487 2546 licebit:
510 2508 569 2554 ἆρ’
588 2524 652 2545 ουκ
666 2509 813 2554 ειῖηθέε;
833 2516 894 2545 aut

261 2559 374 2595 simile
408 2559 583 2601 quiddam.
620 2557 776 2590 Frustra
807 2558 894 2590 haec

260 2605 320 2636 alii
345 2604 446 2636 aliter
469 2603 632 2656 expedire
660 2603 775 2636 conati
800 2606 891 2636 eunt.

261 2648 350 2682 conf
382 2649 426 2682 ad
459 2649 513 2681 Vi.
549 2659 580 2690 p.
615 2646 690 2682 752.
724 2646 763 2679 C.
821 2647 891 2679 Pro

958 1567 1099 1619 Ricard.
1126 1571 1311 1601 restituere
1345 1579 1418 1601 non
1454 1569 1591 1600 dubita-

959 1622 1080 1644 Vlmus.

1003 1689 1081 1720 προ
1097 1678 1393 1720 εηγορεύομεν
1438 1696 1483 1702 —
1540 1674 1593 1709 οἷς

959 1721 1178 1766 τάχιστον]
1211 1724 1265 1756 De
1297 1721 1344 1756 ὥς
1366 1728 1446 1764 post
1480 1724 1590 1755 nomi-

957 1770 1063 1800 nandi
1099 1770 1242 1801 verbum
1276 1770 1320 1801 ad
1355 1768 1590 1810 praedicatum

958 1814 1121 1846 adiuncto
1159 1825 1190 1845 v.
1231 1824 1336 1855 supra
1374 1814 1419 1846 ad
1449 1823 1483 1854 p·
1511 1813 1589 1847 792.

959 1859 1001 1889 D.
1050 1859 1134 1891 Mox
1162 1857 1221 1890 τὸν
1247 1856 1435 1900 ἡττώμενον
1463 1868 1589 1912 νενικη-

960 1901 1041 1935 κότα
1064 1905 1086 1935 i.
1114 1915 1145 1945 q.
1172 1902 1231 1935 τὸν
1258 1901 1445 1945 ἡττώμενον
1472 1899 1518 1934 ὥς
1537 1913 1590 1934 νε·

959 1946 1130 1990 νικηκότα.
1190 1949 1356 1981 Dativum
1398 1947 1591 1989 δρομεῦσιν,

959 2003 1023 2035 pro
1049 2004 1116 2035 quo
1142 1995 1354 2026 recentiores
1377 1994 1591 2035 grammatici

959 2039 1186 2079 pervulgato<
1212 2050 1331 2072 errore
1379 2039 1591 2071 arbitrantur

961 2082 1120 2126 δρομέοιν
1145 2084 1252 2116 fuisse
1283 2086 1383 2116 unice
1413 2084 1590 2124 usitatum,

959 2139 980 2161 a
1012 2129 1287 2162 dubitationibus
1321 2129 1482 2161 omnibus
1514 2129 1591 2160 vin-

959 2175 1089 2206 dicavit
1117 2174 1369 2207 Lobeckius
1401 2174 1446 2205 ad
1481 2174 1591 2214 Phry-

959 2220 1050 2251 nich.
1086 2230 1120 2260 p.
1145 2219 1200 2253 69.
1258 2220 1418 2251 Ceterum
1452 2218 1590 2250 notabis

958 2265 1186 2305 hyperbaton,
1211 2275 1280 2306 quo
1300 2259 1390 2303 οἶμαι
1408 2264 1444 2294 in
1469 2273 1591 2295 secun-

959 2310 1004 2341 do
1040 2310 1193 2341 membro
1233 2309 1476 2341 disiunctionis
1511 2312 1592 2349 post

960 2352 1040 2385 οὔτε
1063 2356 1268 2391 collocatum
1293 2355 1430 2395 legitur.

1005 2421 1043 2454 Ο.
1070 2418 1133 2463 ἆρ’
1159 2432 1236 2453 ουκ
1261 2408 1466 2464 οἰόμεθα,
1491 2431 1510 2451 ο
1530 2429 1590 2474 ye-

961 2465 1082 2498 λοΐόν
1106 2477 1148 2497 τε
1171 2466 1238 2507 -]
1265 2456 1382 2506 Vulgo
1417 2465 1536 2497 aberat
1560 2460 1590 2502 ὂ,

959 2513 1052 2565 quod
1091 2521 1181 2542 nuuc
1212 2521 1255 2542 ex
1287 2511 1364 2542 cod.
1415 2509 1589 2550 Ricardin.

958 2557 1175 2596 inseruimus,
1201 2559 1235 2587 et
1258 2560 1347 2598 post·
1362 2550 1479 2601 ὀρθόν
1499 2563 1590 2586 oom-

959 2605 1049 2634 mate
1096 2601 1419 2642 interpungebatur.
1477 2598 1590 2631 Resti-

960 2645 1123 2679 t'uendum
1171 2656 1246 2679 esso
1286 2654 1479 2687 pronomen
1521 2644 1590 2676 iam
