1644 2886
223 94 307 136 DE
342 90 615 136 LEGIBUS
649 89 766 132 LIB.
796 87 902 131 VII.
937 89 984 131 P.
1020 88 1115 131 799.
1148 86 1212 130 St.

1304 87 1383 129 291

34 213 138 265 τούς
193 215 378 262 πολίτας
430 211 703 258 σπένδοντας
757 208 1008 264 καθιεροῦν
1059 204 1249 256 ἑκάστας
1305 206 1386 254 τὰς

7 281 154 338 ..ᾠδάς
194 279 396 330 ἑκάστοις
443 280 531 322 τῶν
578 277 705 320 θεῶν
762 292 836 318 και
882 277 970 319 τῶν
1014 273 1185 318 ἄλλων·

1235 290 1294 316 αν
1339 275 1384 315 δὲ

35 347 140 406 παρ’
183 346 302 391 αὐτά
353 351 416 397 τίς
458 363 519 401 τῳ
565 345 690 388 θεῶν
735 340 898 393 ἄλλους
941 341 1113 399 ὕμνους
1157 340 1183 394 ἢ
1215 344 1390 398 χορείας

34 414 252 477 προςοὶγῃ.
288 414 396 466 τοὺς
430 417 571 471 ἱερέας
607 428 652 454 τι
691 427 764 453 και
802 409 884 461 τὰς
916 414 1073 467 ἱερείας
1106 426 1217 465 μετα
1242 426 1389 464 νομο·

34 484 249 543 ᾳυλοὲκων
284 482 558 538 ἐξείργοντας
592 477 723 539 οσίως
757 478 958 533 ὲξείρμιν
995 497 1068 522 και
1091 478 1206 520 κατὰ
1229 478 1390 532 νόμον,

35 552 115 594 τὸν
163 553 208 594 δὲ
258 549 580 605 ἐξειργόμενον,
616 543 675 588 ἂν
716 544 777 600 μὴ
824 546 932 588 ἑκών
969 549 1234 600 ἐξείργηται,
1271 547 1394 593 δίκας

10 619 238 674 ’ἀσεβείας
282 616 353 660 διὰ
399 619 499 673 βίου
547 614 718 663 παντὸς
764 615 826 667 τῷ
870 617 1138 668 ἐθελήσαντι
1178 619 1392 667 παρέχειν.

138 687 239 729 ΚΛ.
305 683 490 739 Ὀρθῶς.

136 754 234 796 ΛΘ.
307 751 435 808 Πρὸς
481 751 623 803 τούτῳ
669 748 723 801 δὴ
772 750 854 791 νῦν
905 747 1127 802 γενόμενοι
1174 747 1235 800 τῷ
1274 746 1389 798 λόγῳ
1424 749 1459 790 C

37 819 257 875 πάθωμεν
292 818 345 863 τὸ
381 826 547 876 πρέπον
582 815 687 871 ἡμῖν
721 816 904 868 αὐτοῖς-ς

126 985 166 1016 Β.
216 986 283 1015 τίς
307 995 356 1026 τῳ
383 982 526 1026 θεῶν]
554 983 614 1016 Sic
639 993 678 1015 Α.
711 981 747 1015 Ω.
778 996 808 1015 v.
837 995 866 1016 a.
895 993 926 1013 x.
976 983 1095 1024 Vulgo
1123 983 1171 1012 tis·
1197 981 1262 1011 τῶν
1287 969 1394 1011 θεῶν.

130 1031 169 1064 C.
221 1029 342 1071 Πρὸς
374 1028 506 1071 τούτῳ
541 1028 587 1071 δὴ
622 1031 700 1061 νῦν
735 1029 780 1072 yn]
825 1031 862 1061 V.
898 1029 1018 1065 τοῦτο,
1048 1028 1142 1070 quod
1172 1037 1262 1059 unus
1301 1028 1394 1068 Ang.

38 1079 151 1111 habet.

88 1225 208 1267 τάξαι
245 1225 316 1266 μὲν
354 1225 522 1266 πρῶτον
562 1224 683 1257 τινάς

43 1275 109 1317 -]
143 1272 187 1304 Η.
223 1283 252 1303 e.
288 1269 370 1304 ὦςτε
402 1268 497 1312 τάξαι
528 1271 588 1311 μὲν
626 1282 680 1314 πρ.

43 1321 86 1351 de
133 1328 202 1360 quo
250 1329 314 1351 usu
357 1318 525 1350 infinitivi
562 1319 683 1360 paullo

43 1371 125 1398 ante
153 1366 350 1397 monuimus
382 1365 426 1396 ad
461 1374 494 1405 p.
530 1364 607 1398 797.
644 1365 684 1397 Β.

43 1411 217 1444 Nimirum
239 1416 335 1453 patet
358 1411 417 1442 ille
436 1412 559 1452 utique
575 1411 683 1443 latius

42 1467 145 1499 quam
181 1457 285 1499 vulgo
327 1458 533 1489 existimant
570 1467 685 1499 gram-

41 1503 178 1542 matici,
211 1509 333 1545 estque
372 1505 408 1535 in
454 1504 509 1536 his
549 1504 685 1545 Legum

44 1550 143 1582 libris
168 1551 309 1581 omnino
328 1550 488 1587 liberior3
515 1561 546 1581 v.
569 1551 609 1582 L.
629 1549 685 1582 ΙΙΙ.

44 1607 78 1638 p.
115 1595 195 1630 701.
228 1596 267 1628 C.
299 1596 345 1627 V.
377 1607 413 1637 p.
439 1596 516 1630 739.
543 1596 582 1628 C.
609 1595 688 1630 742.

46 1645 91 1675 Α.
117 1641 173 1674 Vl.
198 1651 232 1683 p.
257 1642 334 1677 756.
361 1642 403 1674 Ε.
429 1642 508 1677 759.
535 1643 579 1675 D.
613 1641 684 1674 vn.

45 1687 125 1724 803.
148 1687 191 1720 B.
217 1688 284 1720 IX.
310 1699 344 1730 p.
369 1688 450 1723 857.
476 1690 520 1721 A.
557 1689 622 1721 XI.
651 1698 684 1729 p.

44 1734 125 1771 917.
155 1734 198 1766 Ε.
230 1735 324 1767 conf.
361 1735 542 1768 Iensius
573 1736 686 1767 Lectt.

48 1781 226 1824 Luciann„
241 1792 274 1822 p.
299 1780 380 1814 406.
408 1782 615 1815 Abi-esch.
641 1781 686 1812 ad

47 1827 194 1859 Cattier.
225 1826 386 1868 Gazoph.
417 1837 451 1869 p.
484 1826 540 1861 34.
564 1827 686 1858 Lexic.

48 1872 214 1914 Xenoph.
258 1872 313 1905 lv,
354 1883 388 1913 p.
424 1872 504 1907 624.
543 1873 685 1905 Hess.

49 1918 151 1951 obss.
187 1918 234 1950 ad
274 1918 364 1950 Plut.
398 1918 536 1961 Philop.
569 1929 602 1960 p.
631 1918 688 1953 97.

48 1964 316 2006 Bernhardy
355 1963 503 2006 Syntax.
550 1964 611 1997 Gr.
654 1975 688 2006 p.

49 2011 129 2046 365.
179 2010 252 2042 Pro
282 2011 378 2051 vulg.
411 2012 504 2043 τίνας
533 2012 576 2043 de
607 2021 688 2043 con-

49 2059 183 2090 iectura
207 2055 432 2099 Stephani
457 2067 528 2090 non
554 2057 690 2089 dubita-

51 2105 163 2136 vimus
187 2113 359 2145 reponere
375 2101 483 2136 τινάε.
519 2103 610 2136 Nam
635 2105 691 2135 in-

52 2151 305 2192 terrogativum
342 2155 437 2182 certe
476 2160 549 2182 non
586 2150 692 2182 habet

53 2196 146 2228 unde
187 2197 349 2239 pendeat.
412 2196 537 2240 Itaque
583 2197 694 2234 locus,

53 2243 142 2275 male
173 2243 216 2276 ab
248 2243 501 2284 interpretibus
532 2247 696 2284 aceeptus

53 2299 167 2331 neque
197 2295 291 2321 recte
326 2290 521 2331 explicatus
553 2299 575 2321 a
609 2293 695 2332 quo-

55 2345 179 2377 quam,
209 2336 260 2368 sie
298 2336 584 2377 interpretandus
622 2340 694 2368 est:

56 2383 118 2414 ita
163 2386 213 2413 ut
258 2383 438 2424 primum
485 2382 696 2424 quasdam

57 2429 350 2469 constituant3
405 2438 696 2471 quaeeunque

57 2477 203 2506 autem
229 2474 400 2506 fuerint
430 2475 696 2514 constituta,

58 2520 183 2552 cives
222 2529 366 2553 omnes
404 2522 698 2554 communiter

59 2565 217 2597 Parcis
243 2568 498 2611 ceterisque
523 2569 614 2600 diis
635 2577 697 2599 sa-

59 2611 326 2645 crificantes
360 2613 481 2648 inter
514 2615 696 2646 libatio-

61 2667 135 2690 nes
165 2664 445 2701 consecrent,
481 2661 700 2693 videlicet

63 2703 264 2744 singulos
310 2710 464 2739 cantus
503 2707 699 2748 singulis

752 1223 932 1258 de‘orum
977 1225 1394 1265 relinqummmque,

751 1274 774 1303 i.
801 1283 829 1303 e.
858 1273 1109 1303 daemonum
1136 1277 1175 1301 et
1202 1270 1398 1301 heroum.

752 1317 843 1350 Nam
871 1315 1015 1349 ἑκάστας
1039 1315 1097 1348 τὰς
1122 1312 1215 1358 ᾳῖδὰς
1240 1326 1302 1358 per
1339 1326 1399 1357 ap-

753 1365 963 1405 positionem
979 1365 1109 1395 dimum
1127 1364 1239 1394 videri
1266 1368 1400 1404 potest3

753 1421 961 1452 quamquam
999 1413 1104 1442 etiam
1145 1410 1227 1442 lieet
1249 1415 1397 1451 ffputare,

753 1457 844 1489 illud
869 1459 904 1488 in
931 1457 1046 1489 locum
1070 1457 1264 1497 antegressj
1286 1457 1399 1488 subie-

755 1506 819 1543 cti,
855 1501 876 1534 ἃ
911 1499 945 1534 δ’
979 1501 1022 1534 ἄν
1058 1503 1183 1543 ταχθῇ,
1217 1502 1401 1535 suffectum

756 1561 843 1582 esse.
877 1550 1171 1582 Emendationem
1192 1560 1303 1590 nuper
1321 1560 1401 1591 pro-

755 1598 883 1629 barunt
916 1598 1020 1628 etiam
1052 1597 1336 1628 Hermannus
1370 1603 1403 1627 et

756 1642 1033 1676 Schneideru
1048 1654 1074 1674 s.

801 1689 843 1721 B.
893 1685 942 1720 ἆι
978 1687 1028 1731 μή
1066 1689 1175 1720 ἑκώῖ
1207 1687 1401 1730 ἐξεί-ργη

756 1735 841 1778 ται]
869 1737 904 1766 si
931 1746 975 1768 se
1001 1746 1083 1768 non
1117 1736 1236 1767 ultro
1262 1736 1403 1780 p'atia·

755 1788 825 1813 tur
854 1782 1096 1822 prohiberi.

801 1827 842 1859 C.
895 1826 1012 1869 Πρὸς
1052 1827 1199 1859 τούτω
1238 1825 1286 1868 δὴ
1324 1828 1405 1859 ιἰῦτ

757 1871 988 1915 γενόμενοι
1017 1876 1084 1918 —-]
1117 1874 1260 1905 'lritum
1292 1884 1404 1915 genus

756 1921 925 1974 loquendi
945 1925 998 1952 est
1017 1921 1062 1963 τῷ
1089 1918 1192 1962 λόγῳ,
1218 1919 1258 1960 τῆ
1281 1917 1404 1962 μιήμῃ,

757 1967 801 1998 al.
826 1977 912 1996 ειναι
937 1967 992 1998 vel
1017 1978 1094 2009 γιγι
1087 1966 1198 1998 εσθαι
1227 1963 1316 2006 πρός
1340 1977 1403 1998 τινι

758 2014 939 2044 versari
972 2014 1014 2044 in
1050 2013 1199 2055 aliqua
1232 2023 1276 2043 re
1307 2023 1405 2045 con-

759 2059 1037 2099 templanda,
1063 2060 1107 2091 de
1138 2070 1208 2101 quo
1234 2070 1266 2090 v.
1293 2060 1404 2102 intpp.

759 2105 804 2137 ad
838 2104 865 2136 P
884 2106 893 2136 l
911 2116 932 2137 a
950 2111 974 2138 t.
1009 2105 1157 2138 Phaedr.
1192 2118 1225 2148 p.
1258 2105 1338 2140 249.
1365 2106 1404 2139 C.

761 2157 882 2182 nostra
914 2153 959 2183 ad
985 2151 1108 2194 Remp.
1143 2151 1231 2184 ΠΗ.
1265 2153 1404 2194 Ρ.,567.

765 2200 808 2229 A.
845 2203 879 2229 et
904 2199 1215 2240 Wytteubach.
1247 2200 1292 2231 ad
1325 2199 1406 2231 Plu-

765 2244 874 2275 tareh
899 2245 942 2277 de
967 2243 1004 2277 S.
1026 2244 1071 2279 N.
1101 2245 1137 2277 V.
1154 2256 1188 2287 p.
1203 2245 1259 2280 21.
1300 2246 1406 2278 Pror-

765 2300 822 2322 sus
847 2296 887 2322 ut
909 2291 944 2322 h.
969 2291 990 2322 1.
1016 2291 1197 2324 Phaedon
1226 2303 1258 2334 p
1286 2291 1342 2327 88.
1365 2292 1405 2324 C.

767 2336 821 2367 καὶ
846 2333 952 2369 αυτὸς
978 2335 1066 2378 πρὸς
1091 2338 1137 2381 τῷ
1161 2338 1324 2382 εἰρημένῳ
1352 2337 1408 2370 λό-

766 2394 815 2424 γῳ
841 2377 885 2423 ἦν
910 2380 930 2415 ὁ
947 2382 1146 2426 Σωκράτης.
1189 2385 1286 2418 Male
1302 2385 1407 2426 vulgo

766 2430 823 2461 hic
848 2430 951 2462 τοῦτο
965 2441 1030 2472 pro
1047 2429 1156 2474 τούτῳ
1176 2433 1407 2464 scribebatur.

814 2473 1024 2516 πάθωμεν
1048 2475 1093 2509 τὸ
1120 2477 1286 2519 πρέπον
1311 2475 1408 2520 ἡμῖν

768 2533 788 2552 α
799 2517 821 2552 v’
831 2532 873 2552 το
883 2521 955 2566 ais-1
967 2523 1008 2555 In
1024 2525 1154 2556 talibus
1163 2523 1291 2556 παθεῖν
1302 2525 1407 2566 vulgo

768 2572 925 2600 statuunt
972 2571 1134 2611 usurpari
1181 2571 1296 2603 solere
1340 2581 1405 2614 pro

770 2615 933 2655 ποιῆσαι..
969 2614 1073 2659 Quod
1098 2617 1256 2658 profecto
1280 2617 1405 2652 mirum

769 2661 933 2702 quiddam
960 2663 1051 2694 soret
1069 2668 1103 2694 et
1121 2663 1163 2695 ab
1180 2664 1258 2705 ipsa
1273 2666 1409 2698 ratione

770 2707 933 2739 alienum.
981 2709 1131 2741 Veriora
1165 2710 1286 2742 docuit
1310 2709 1407 2744 Bre-

1038 2767 1138 2807 19*
