1644 2886
535 77 618 124 DE
655 79 931 125 LEGIBUS
964 90 1045 123 etv.
1341 82 1452 123 (2111

625 239 748 317 cap.
788 241 925 302 xxi.

93 381 456 428 msputauonis
494 385 764 419 conclusio.
813 385 992 428 begun-
1039 383 1319 419 aucto-»uas
1361 394 1452 419 non

90 441 425 476 labefactata.
495 442 680 477 Auctor
719 442 891 486 operi-
939 447 1032 475 non
1078 441 1158 476 est
1197 440 1454 487 Philippus

209 498 450 544 opuntius
491 507 655 542 neque
691 499 822 534 alius
863 498 1081 542 sen-{pun
1120 498 1332 543 ignotus,

560 555 651 591 secl
683 556 791 601 lpse
827 555 990 591 Plato.

213 667 423 710 Videmur
460 683 563 710 vero
605 668 829 725 superiore
871 667 1168 725 disputatione
1219 666 1301 708 hoc
1351 666 1454 708 effe-

92 725 236 777 cisse,
268 731 318 767 ut
351 739 444 767 non
480 724 611 767 modo
650 725 905 782 amplissimi
948 725 1095 782 operis
1138 739 1208 766 ars
1250 732 1294 765 et
1335 738 1453 766 com-

90 782 250 838 positio
291 782 334 823 in
370 782 606 824 illustriore
651 782 747 825 luce
777 782 993 825 collocata
1023 783 1104 841 sit,
1145 795 1296 823 verum
1327 780 1456 822 etiam

92 838 434 882 luculentissime
473 840 752 896 apparuerit,
797 840 939 881 rerum
982 840 1025 881 in
1066 855 1118 881 eo
1170 844 1454 880 tractatarum

90 896 310 938 materiam
366 896 498 938 talem
547 911 667 951 esse,
708 903 757 938 ut
797 911 883 952 quo
925 896 1202 954 diligentiusx
1223 910 1318 937 eam
1349 910 1454 936 con-

91 952 366 1006 sideraveris,
411 968 463 995 eo
494 953 636 995 minus
708 953 819 996 ossis
861 953 1085 1008 dubitare,
1144 953 1303 995 librum
1369 966 1455 993 non

92 1010 165 1051 alii
201 1011 367 1053 auctori
400 1010 483 1053 nisi
524 1011 611 1066 ipsi
642 1010 676 1052 P
698 1012 816 1052 atoni
848 1011 1127 1053 tribuendum
1159 1024 1270 1052 esse.
1322 1008 1453 1061 Quod

92 1066 267 1122 quidem
309 1082 396 1122 quo
434 1067 700 1110 luculentius
738 1068 1030 1133 intelligatur,
1075 1083 1157 1124 age
1209 1065 1454 1109 summatim

90 1125 174 1166 iam
217 1132 467 1177 repetamus
518 1139 667 1166 eorum
715 1139 989 1179 memoriam,
1032 1139 1144 1180 quae
1184 1138 1316 1179 supra
1357 1137 1455 1177 par-

91 1181 302 1223 ticulatim
334 1179 387 1223 de
417 1181 484 1224 his
513 1181 643 1224 rebus
676 1180 900 1238 disputata
930 1188 1044 1224 sunt.

205 1271 364 1326 Itaque
404 1273 588 1327 primum
627 1272 802 1327 quidem
843 1272 1155 1315 consilium
1195 1272 1342 1327 operis
1384 1286 1456 1311 ex-

92 1328 309 1385 ploratum
350 1329 559 1371 habemus
597 1344 678 1372 nec
717 1329 903 1372 alienum
934 1345 1030 1372 esse
1062 1345 1087 1370 a
1118 1328 1286 1370 ratione
1318 1334 1363 1370 et
1392 1328 1461 1369 in·-

92 1386 223 1439 genio
273 1385 472 1428 Platonis
520 1392 564 1427 et
619 1386 781 1429 excelsi
828 1387 960 1428 animi
1011 1385 1275 1443 philosopho
1326 1385 1456 1440 longe

91 1442 416 1499 dignissimum,
457 1449 507 1484 ut
536 1458 718 1485 caussae
748 1444 792 1485 in
824 1444 1058 1500 propatulo
1090 1443 1201 1496 sint,
1234 1457 1311 1484 cur
1340 1457 1457 1485 sum-

93 1514 189 1541 mus
220 1499 508 1555 philosophus
528 1499 584 1541 ad
615 1500 721 1542 illud
754 1501 1031 1543 scribendum
1054 1508 1098 1543 et
1130 1501 1172 1542 in
1202 1500 1344 1541 lucem
1379 1514 1457 1554 pu-

94 1556 251 1598 blicam
318 1556 602 1599 emittendum
668 1557 903 1613 aliquando
970 1558 1159 1600 animum
1223 1556 1456 1613 appulerit.

94 1613 251 1668 Neque
292 1614 405 1656 enim
436 1628 515 1668 ea,
548 1629 660 1669 quae
692 1615 794 1657 alibi
827 1615 880 1657 de
910 1615 1056 1672 legum
1091 1615 1134 1656 in
1166 1616 1362 1670 perfecta
1393 1627 1458 1654 re-

94 1670 268 1726 publica
305 1686 387 1714 usu
428 1686 755 1726 supervacaneo
785 1671 993 1725 tradidit,
1033 1672 1115 1728 ipsi
1142 1672 1236 1713 hac
1277 1671 1320 1712 iu
1353 1671 1457 1712 scri-

94 1727 242 1782 ptione
273 1727 360 1770 ullo
393 1727 524 1770 modo
556 1727 813 1784 offecerunt.‚
846 1745 927 1772 nec
958 1729 1264 1786 philosophiae
1295 1726 1457 1778 studia.¹

94 1785 253 1837 quibus
293 1799 432 1839 usque
463 1784 639 1828 deditus
678 1786 784 1840 fuit,
828 1790 1062 1842 quominus
1091 1787 1176 1827 tale
1209 1800 1321 1842 opus
1354 1800 1458 1826 con-

95 1840 267 1892 ficeret,
300 1840 649 1896 impediverunt,
690 1858 770 1886 nec
801 1842 991 1898 denique
1024 1843 1245 1886 scribendi
1275 1842 1460 1884 consiliu

95 1896 331 1951 aliquando
372 1905 578 1954 suscepta
621 1899 724 1941 talia
762 1900 963 1954 fuerunt,
1005 1915 1116 1954 quae
1150 1900 1322 1955 Legum
1353 1899 1459 1939 scri-

95 1953 335 1995 bendarum
387 1954 638 1996 facultatem
681 1956 902 1997 auferrent
950 1957 1215 2012 penitusque
1256 1955 1461 2011 prohibe-

94 2016 204 2052 rent.
276 2009 395 2063 Quin
438 2011 531 2067 ipse
578 2012 723 2054 verbis
762 2012 1016 2055 clarissimis
1055 2020 1143 2055 tam
1186 2013 1230 2054 in
1274 2012 1461 2055 l’olitico

95 2083 223 2120 quiam
255 2067 298 2109 iu
331 2067 502 2165 Legum
534 2083 664 2124 opere
694 2069 906 2123 prodidit,
939 2069 1148 2125 quidnam
1179 2069 1287 2111 illud
1316 2070 1460 2118 inierit,

96 2123 215 2178 quod
248 2124 292 2165 in
322 2123 391 2166 his
436 2125 541 2166 ibris
575 2125 859 2168 conficiendis
897 2134 1112 2182 sequutus
1152 2134 1232 2169 est.
1295 2127 1459 2180 Quam-

96 2181 242 2223 obrem
283 2179 338 2222 de
378 2180 457 2223 hac
498 2181 673 2236 quidem
717 2198 761 2224 re
809 2183 929 2226 nulla
956 2185 1155 2239 profecto
1186 2190 1335 2240 potest
1365 2199 1460 2226 esse

97 2237 148 2278 lis
167 2244 212 2279 et
241 2238 566 2292 controversia,
600 2239 682 2282 nisi
705 2239 821 2282 forte·
834 2241 1034 2283 consulto
1056 2241 1250 2298 argutari
1281 2247 1324 2282 et
1349 2256 1461 2296 quae

94 2293 200 2335 solis
238 2294 336 2336 luce
378 2295 563 2337 clariora
606 2303 709 2338 sunt
738 2297 942 2340 inanibus
972 2299 1163 2341 tenebris
1197 2305 1358 2340 temere
1390 2298 1445 2339 ob

97 2350 269 2392 volvere
298 2351 590 2394 maluerimus.
660 2353 730 2394 De
771 2361 1098 2411 argumento
1131 2361 1275 2398 autem
1307 2355 1462 2409 scripti

98 2407 170 2448 ubi
211 2408 509 2463 sciscitamur,
552 2425 686 2464 quum
725 2410 832 2452 illud
874 2416 1013 2454 totum
1048 2413 1106 2455 sit
1135 2412 1322 2455 consilio
1354 2413 1462 2453 scri-

99 2462 226 2505 bendi
258 2465 661 2520 accommodatum,
702 2474 793 2509 tum
832 2467 944 2510 idem
976 2485 1073 2511 cum
1106 2469 1331 2511 subtiliore
1369 2468 1463 2523 phi-

99 2519 268 2582 losophi
308 2521 510 2564 doctrina
546 2538 640 2565 eam
681 2524 812 2566 habet
861 2526 1229 2569 necessitudinem
1277 2533 1321 2566 et
1361 2541 1462 2565 ‹zon-

99 2577 376 2632 iunctionem,
410 2586 457 2620 ut
487 2580 554 2633 iis,
589 2596 701 2635 quac
735 2582 776 2622 in
820 2582 1005 2625 Politico
1038 2590 1081 2624 et
1113 2582 1359 2636 Republica
1390 2598 1462 2623 cx-

99 2636 238 2686 posita
273 2634 490 2688 leguntur,
525 2653 610 2678 non
640 2637 768 2679 modo
802 2639 920 2681 nulla
950 2656 1001 2681 cx
1035 2647 1158 2695 parte
1191 2639 1460 2690 adversetur,
