1644 2886
261 116 344 158 LX
690 110 1119 156 PROLEGOMEN
1127 114 1166 155 A

259 226 436 281 aliquod
479 232 521 268 et
571 222 800 279 collegium
844 223 1118 279 significant,
1171 222 1375 266 adiuncta
1416 224 1597 268 subinde

261 283 389 325 etiam
433 279 748 337 significatione
789 279 1016 334 gravitatis
1045 277 1178 322 officii
1214 284 1345 334 atque
1374 279 1597 337 dignitatis

261 338 463 380 muneris.
516 335 735 387 Quorsum
758 334 976 390 pertinent
997 333 1054 377 τὸ
1076 334 1348 391 ὃικαστήρ
1361 351 1471 391 ιον,
1502 336 1596 379 das

259 392 525 443 Gericht‚
581 405 659 445 pro
712 393 762 432 οἱ
814 392 1109 444 δικασταί,
1167 388 1194 441 ἡ
1249 389 1385 447 ἀρχή
1428 392 1497 434 vel
1540 396 1598 434 αὶ

259 449 452 503 ἀρχαί,
495 445 582 487 die
627 445 934 502 Obrigkeit
962 461 1042 502 pro
1074 449 1116 488 οἱ
1146 444 1377 501 ἄρχοντες,
1407 446 1597 502 itemque

259 504 342 544 alia
382 502 561 554 similia,
603 515 786 556 quorum
828 516 960 557 supra
994 502 1153 544 iniecta
1198 502 1355 544 mentio
1409 509 1496 545 est:
1551 509 1598 546 ut

263 574 394 612 quum
425 572 504 600 nos
534 557 737 599 dicimus:
773 556 868 598 das
899 557 1138 600 Gericht
1175 556 1269 599 hat
1306 558 1596 601 entschie-

258 614 384 664 den3
436 613 534 655 der
585 612 891 669 Obrigkeit
938 614 1017 655 ist
1068 612 1238 655 Jeder
1291 613 1595 657 Gehorsam

257 669 550 725 schuldig‚
582 669 635 711 al.
694 668 868 725 Quippe
903 669 1033 711 etiam
1074 669 1118 711 in
1145 669 1304 711 talibus
1334 684 1465 724 quum
1493 684 1596 712 con-

257 732 394 780 creta,
427 740 536 780 quae
566 731 791 779 vocantur,
822 725 995 767 nomina
1024 725 1216 781 singulos
1236 724 1431 768 homines
1462 725 1594 782 signi·

257 782 404 835 ficent,
432 788 524 822 tum
554 795 628 834 ea,
670 795 780 835 quae
820 787 922 823 sunt
950 781 1182 834 abstracta,
1214 795 1383 823 omnem
1417 781 1502 823 vim
1530 782 1595 823 of-

256 837 357 892 ficii,
390 836 594 891 muneris,
625 836 796 892 collegii
826 847 1043 892 tamquam
1072 837 1116 878 in
1153 851 1285 878 unum
1316 836 1595 894 comprehen-

255 908 345 935 sam
384 901 428 935 et
467 891 523 934 ad
562 892 805 948 generalem
846 892 1034 948 speciem
1065 899 1257 934 evectam
1287 891 1518 949 designant
1543 907 1595 934 ae

254 956 472 1004 tamquam
513 962 598 990 uno
638 949 794 990 mentis
834 949 990 990 obtutu
1021 947 1303 1004 spectandam
1332 954 1594 1005 proponunt.

255 1005 348 1047 Iam
388 1019 491 1046 vero
531 1003 586 1045 ad
623 1004 729 1046 haec
768 1004 898 1046 etiam
935 1004 1108 1046 tertium
1144 1003 1313 1046 accedit
1354 1019 1492 1061 genus
1522 1018 1593 1046 su-

285 1061 497 1103 erioribus
537 1060 687 1114 utique
717 1059 1000 1114 simillimum,
1033 1059 1108 1102 sed
1137 1066 1280 1101 tamen
1310 1060 1412 1102 item
1442 1060 1592 1102 nonni-

252 1076 312 1158 iii}
343 1116 397 1159 ab
426 1116 479 1157 iis
509 1115 737 1158 diversum.
799 1115 999 1158 Indicant
1027 1117 1138 1157 enim
1174 1115 1348 1157 nomina
1376 1116 1593 1158 abstracta

253 1170 469 1213 interdum
499 1172 628 1213 etiam
659 1186 795 1227 genus
828 1187 991 1225 eorum,
1021 1186 1130 1226 quae
1161 1171 1205 1212 in
1234 1186 1320 1214 uno
1355 1171 1591 1226 eodemque

252 1229 452 1269 fortunae
492 1234 610 1269 statu
647 1234 690 1268 et
727 1226 977 1269 conditione
1023 1227 1089 1269 vel
1118 1226 1246 1268 etiam
1275 1227 1490 1270 communi
1520 1242 1590 1270 ac-

252 1284 370 1326 tione
413 1283 575 1325 versari
615 1282 849 1339 cogitanda
894 1289 1006 1325 sunt.
1094 1283 1193 1325 Huc
1232 1298 1334 1326 vero
1373 1283 1593 1338 pertinent

250 1339 470 1395 superiora
503 1339 596 1380 illa:
626 1344 841 1393 γενεαί,
885 1339 1136 1381 homines
1166 1339 1332 1381 unius
1364 1339 1589 1392 aetatis,

251 1401 299 1436 ut
328 1397 372 1437 in
402 1397 574 1437 πολλῶν
601 1396 759 1449 γενεῶν
799 1394 1060 1448 ἄνθ-ρωποι,
1091 1393 1208 1450 quod
1238 1395 1364 1437 simul
1394 1401 1461 1436 est
1489 1410 1590 1450 syn-

251 1450 554 1500 ecdochicum3
607 1449 753 1505 (φυγή,
827 1457 919 1492 tota
979 1451 1200 1492 'exulum
1259 1451 1588 1502 multitudo,

250 1507 348 1548 alia.
410 1507 611 1560 Denique
641 1506 769 1548 etiam
798 1521 872 1548 eos
903 1506 1172 1563 significant,
1213 1506 1285 1561 qui
1313 1506 1395 1548 toti
1425 1506 1589 1562 aliquid

248 1569 350 1605 sunt
371 1562 438 1605 vel
458 1578 552 1604 esse
575 1562 786 1603 videntur.
831 1562 1049 1616 Quorsum
1079 1562 1300 1618 pertinent
1326 1566 1588 1618 μηχαναί,

248 1618 534 1672 homines,
586 1619 678 1672 qui
718 1626 849 1660 sunt
900 1619 1007 1661 toti
1063 1618 1327 1660 malarum
1386 1618 1588 1661 artium

247 1674 543 1728 artifices,
575 1682 620 1716 et
648 1674 821 1717 nomina
860 1675 906 1717 in
935 1691 1010 1727 μα
1047 1674 1299 1727 terminata,
1339 1680 1388 1715 ut
1425 1674 1587 1728 ἅλημα,

251 1729 510 1788 νύμφευμα,
541 1731 759 1784 κήδευμα,
791 1731 875 1772 alia
903 1730 1108 1786 plurima,
1139 1744 1248 1784 quae
1279 1743 1406 1783 quam
1436 1730 1588 1773 crebro

248 1786 332 1828 isto
381 1785 510 1829 modo
566 1793 853 1842 usurpentur,
904 1785 1186 1828 ostenderunt
1231 1785 1486 1841 interpretes
1531 1786 1588 1828 ad

247 1841 442 1897 Sopho
458 1842 520 1884 cl.
552 1841 664 1884 Oed.
696 1842 747 1884 T.
779 1844 846 1884 85.
882 1843 1003 1883 1244.
1033 1842 1157 1884 Aiac.
1189 1842 1284 1884 281.
1307 1841 1459 1897 Antig.
1491 1843 1586 1884 756.

249 1897 441 1954 Eurip.
482 1897 660 1953 Hippol.
708 1913 747 1939 v,
785 1900 879 1940 400.
919 1897 1082 1938 Phoen.
1124 1899 1241 1940 1498.
1282 1895 1467 1953 Gregor.
1499 1896 1585 1940 Co-

246 1953 375 1996 rinth.
411 1970 452 2010 p.
493 1955 582 1995 182.
641 1953 737 1995 Nec
757 1953 968 1995 abludunt
996 1951 1096 1995 inde
1126 1952 1249 1994 talia:
1282 1953 1415 1996 Plat.
1445 1951 1584 2010 Gorg.

246 2025 287 2064 p.
319 2011 415 2051 464.
454 2010 507 2053 D.
539 2008 778 2061 θηρεύεται
809 2010 887 2061 τὴν
915 2009 1087 2063 ἄνοιαν,
1117 2014 1307 2051 sectatur
1337 2008 1583 2051 homines

244 2065 575 2106 stoliditate
625 2065 908 2120 insignes;
957 2080 1011 2107 er
1067 2064 1252 2107 macht
1298 2063 1443 2120 Jagd
1491 2067 1583 2107 aui

244 2120 346 2176 den
394 2120 781 2163 Unverstand:
822 2131 866 2162 et
902 2120 1264 2175 Aristophan.
1300 2120 1440 2161 Rann.
1487 2122 1582 2164 676.
1642 2130 1644 2164 ἶ

245 2177 296 2218 οὐ
333 2181 532 2227 σοφίαι
571 2180 727 2229 μυρίαι
764 2177 1012 2230 κάθηνται,
1053 2192 1129 2218 wo
1170 2175 1439 2217 tausende
1480 2192 1580 2218 von

244 2231 616 2274 Weisheiten
656 2232 865 2287 sitzen,
906 2232 1024 2288 quod
1063 2232 1200 2274 facete
1238 2230 1402 2273 dictum
1431 2237 1498 2274 est
1527 2232 1581 2275 de

244 2287 562 2344 spectatoribus
605 2287 783 2343 opinata
822 2289 1035 2345 sapientia
1063 2286 1238 2340 inflatis,
1269 2294 1318 2329 ut
1347 2288 1579 2342 unusquis·
1636 2325 1644 2342 „

244 2358 328 2398 que
366 2359 515 2386 eorum
556 2343 638 2391 sibi
678 2343 877 2386 videatur
913 2345 1048 2401 ipsam
1080 2343 1333 2399 sapientiam
1362 2349 1579 2398 tamquam
1638 2359 1644 2396 g

243 2405 564 2456 repraesentare
594 2413 736 2454 posse.
795 2400 971 2443 Habent
999 2399 1133 2464 igit-ur
1162 2399 1325 2453 omnia,
1366 2413 1478 2453 quae
1508 2414 1578 2442 su·

244 2470 322 2511 pra
358 2454 411 2498 de
449 2455 532 2498 hoc
566 2469 723 2511 genere
761 2469 1209 2508 commemoravimus,
1249 2454 1578 2510 explicationem

242 2511 368 2566 plane
409 2510 628 2561 idoneam3
677 2526 815 2566 neque
864 2512 1106 2567 παράδασις
1151 2510 1294 2563 ξενική
1343 2510 1439 2553 loco
1487 2511 1576 2565 illo,

241 2567 315 2608 ubi
343 2567 428 2609 ista
455 2567 679 2624 leguntur,
710 2567 958 2624 diligentius
990 2567 1301 2623 pervestigato‚
1343 2565 1575 2622 quidquam

241 2621 512 2666 difficultatis
559 2622 755 2676 habebit,
808 2622 1153 2679 quandoquidem
1201 2621 1245 2665 id
1294 2623 1575 2665 conversione

1629 2514 1639 2606 i

1628 2617 1637 2742 J

1620 2746 1632 2886 ἆ
