1644 2886
270 125 348 165 3:32

269 239 369 270 ullam
396 237 517 269 liabent
542 237 788 271 difficultatem.
815 239 898 272 Nam

268 283 360 323 qumi
388 283 431 313 ita
459 282 546 313 effici
579 283 703 314 dit-itur
726 289 899 317 concentus

266 338 400 360 concors
423 330 454 358 et
477 336 683 368 congruens,
709 329 740 360 id
766 339 831 361 non
857 330 899 362 de

269 372 464 415 symphonia
512 373 611 410 (vom
645 373 898 407 harmonischen

268 415 605 458 Znsammcnklang),
623 427 738 450 verum
760 419 803 451 de
817 430 896 452 con-

268 463 358 492 tiuua
388 470 508 492 vocum
538 467 570 492 et
596 472 756 495 sonorum
779 465 898 496 modu-

266 507 393 537 latione
411 506 647 546 accipiendum
675 514 739 547 est,
759 520 823 550 qna
840 520 898 541 ne-

264 553 373 591 glecta
403 552 511 582 oritur
533 557 653 582 cantus
677 553 898 586 inconcinnus

265 601 365 636 atque
375 595 544 635 dissonus,
558 597 646 637 quod
659 598 774 630 vitium
787 599 895 631 Grae-

263 642 292 672 ci
326 641 461 672 nornine
498 642 723 682 πλημμελείας
761 645 896 685 insigni-

266 691 399 717 verunt.
439 685 606 719 Nimirum
633 689 735 720 eriam
762 688 895 722 harmo-

265 732 340 762 niae
384 736 487 771 stque
534 732 703 764 melodiae
749 734 898 766 rationes

264 786 425 808 sotiorum
452 778 668 809 concordiam
689 782 723 809 et
749 789 894 817 congru-

263 822 386 853 entiam
426 822 596 864 flagitare,
636 823 711 862 quis
752 828 804 855 est
838 826 895 865 qui

263 865 397 898 infitiari
409 866 562 899 audeat?
580 867 708 900 Verum
720 869 804 900 satis
815 868 896 902 haec

263 916 361 942 sunto
393 910 436 943 de
469 910 649 944 Cicerone.
697 912 783 945 Nam
813 924 895 946 con-

262 956 413 988 cordiam
446 960 483 988 et
512 958 770 998 congruentiam
802 963 895 991 recte

262 1002 306 1033 ita
333 1000 411 1039 dici,
434 1000 469 1031 id
496 1005 590 1034 certe
619 1003 816 1042 neutiquam
843 1004 893 1036 in-

260 1047 353 1086 diget
378 1045 678 1078 demonstratione.
723 1047 894 1088 Propera-

261 1101 336 1124 mus
362 1090 466 1131 igitur
489 1091 531 1122 ad
557 1092 635 1132 alia,
660 1102 746 1133 quse
759 1092 800 1124 nd
821 1093 894 1125 har-

261 1136 405 1169 moniam
442 1142 591 1168 nostram
627 1138 800 1170 veteribus
826 1140 895 1171 xin-

259 1180 435 1213 dicandam
462 1181 588 1221 aliquid
615 1183 895 1216 valereiudicsta

259 1231 345 1258 sunt.
389 1225 570 1257 Pertinent
594 1236 676 1258 vero
702 1227 765 1260 huc
790 1229 892 1262 etiam

258 1272 317 1303 illa
347 1269 542 1303 Senecae
583 1271 690 1311 Epist.
726 1273 782 1307 84.
820 1274 894 1306 Non

258 1316 363 1352 vides,
406 1325 505 1356 quam
544 1317 724 1349 multorum
764 1317 895 1351 vocibus

257 1360 377 1392 chorus
411 1364 555 1400 coustet‚‘
591 1372 675 1393 unus
707 1366 819 1395 tamen
854 1375 894 1396 ex

257 1405 407 1438 omnibus
439 1415 537 1436 sonus
566 1406 738 1447 redditum
777 1408 894 1451 aliqua

257 1451 327 1483 illis
366 1453 466 1481 acuta
504 1455 568 1488 est,
607 1450 724 1494 aliqua
761 1453 891 1495 gravis,

256 1495 372 1536 aliqua
395 1494 523 1529 media:
549 1496 708 1529 accedunt
736 1498 820 1530 viris
835 1500 892 1538 fe·

255 1540 384 1577 minan
409 1539 664 1581 interponuntur
682 1542 802 1575 tibiae:
822 1543 892 1574 sin-

254 1586 412 1627 gulorum
435 1584 483 1615 ibi
500 1585 606 1617 latent
621 1596 726 1627 voces,
745 1587 891 1619 omnium

254 1632 433 1670 apparent.
485 1631 527 1660 At
560 1631 717 1662 nimirum
752 1642 793 1663 ne
825 1633 888 1664 ista

254 1674 389 1714 quidem
417 1675 579 1714 probant,
607 1676 699 1714 quod
727 1676 787 1708 viri
812 1678 888 1718 qui·

254 1720 331 1750 dnm
354 1718 445 1750 docti
463 1718 542 1751 iude
561 1721 786 1761 collegerunt.
808 1722 887 1754 Ete-

255 1765 323 1795 nim
350 1763 566 1803 cogitandum
601 1770 655 1797 est
681 1768 798 1806 procul
825 1767 886 1798 du-

253 1809 308 1840 bio
340 1808 383 1840 de
408 1807 641 1848 homophonia
674 1815 708 1842 et
733 1811 885 1853 antipho-

253 1854 306 1885 nia
339 1858 457 1884 cantus
492 1854 639 1893 chorici,
677 1855 887 1897 quandoqui-

253 1899 329 1930 dem
365 1897 512 1930 feminae
546 1908 630 1931 voce
662 1905 785 1941 aetite,
825 1902 887 1933 viri

251 1948 365 1975 autern
401 1953 486 1974 voce
525 1946 621 1982 gravi
655 1950 887 1978 cantaverunt.

253 1988 314 2019 Cui
331 1989 443 2019 cantui
459 1988 550 2028 quod
567 1990 787 2030 interpositae
803 1991 884 2023 suis—

251 2043 288 2064 se
319 2032 474 2064 dicuntur
507 2032 631 2074 tibiae,
667 2036 885 2068 existimandi

249 2082 328 2110 sunt
350 2078 509 2109 tibicines
535 2078 655 2111 eodem
684 2081 758 2112 fere
782 2081 886 2113 modo

249 2122 352 2154 choro
378 2123 540 2154 tibiarum
557 2129 695 2157 cantum
718 2126 883 2165 sociasse,

248 2176 316 2208 quo
343 2167 426 2199 facit
451 2166 624 2200 citharista
650 2170 739 2210 apud
766 2172 882 2202 Plato-

247 2222 342 2250 nem,
382 2211 445 2242 hoc
486 2216 558 2250 est,
600 2219 734 2247 cantum
777 2215 883 2255 chori,

246 2255 449 2297 paraphonia
460 2261 494 2287 et
511 2257 706 2298 antiphonia
718 2260 881 2299 admissa,

244 2301 428 2333 artificiose
441 2311 629 2334 exornasse
638 2308 671 2334 et
684 2305 880 2336 variavisse.

245 2345 348 2380 Quod
373 2347 404 2377 si
431 2353 524 2377 recte
542 2348 732 2389 statuimus,
759 2354 882 2390 sponte

243 2394 406 2431 apparet,
439 2400 481 2422 ne
512 2389 564 2422 hic
595 2393 731 2432 quidem
762 2399 880 2427 extare

243 2436 345 2467 ullum
378 2439 516 2466 nostrae
553 2436 744 2470 harmoniae
775 2439 878 2470 vesti-

241 2480 343 2519 gium.
376 2481 431 2511 Ac
455 2481 614 2512 similiter
639 2484 749 2515 locum
775 2484 876 2525 intel<

242 2526 325 2557 lexit
358 2524 458 2556 etism
494 2524 794 2560 Boeckhius
827 2528 876 2560 Dc

240 2569 358 2602 metris
386 2568 521 2601 Pindari
547 2580 578 2611 p.
605 2571 682 2606 254.
715 2583 790 2606 aun.
818 2573 873 2607 19.

239 2619 276 2646 ut
305 2618 401 2646 tanto
425 2615 553 2647 rectius
577 2616 755 2650 videamur
789 2618 872 2650 ube.-

237 2659 326 2691 riore
358 2660 550 2692 sententiae
583 2666 721 2695 nostrae
764 2662 870 2704 expli-

791 126 1159 169 PLATONIS

967 240 1098 272 catione
1124 241 1353 282 supersedere
1373 254 1486 284 posse.
1517 246 1598 277 Pro-

963 286 1138 325 gredimur
1167 288 1273 327 igitur
1304 287 1347 319 ad
1379 289 1490 322 tocum
1526 291 1598 322 Ηυ-

967 331 1066 362 ratii
1096 330 1206 371 Epod.
1241 330 1298 363 tx.
1329 342 1358 366 v.
1381 332 1498 375 4sqq.
1534 335 1600 368 'Pe-

963 385 1036 406 cum
1065 375 1124 406 sub
1147 376 1241 416 alta,
1273 376 1320 408 sic
1350 377 1421 410 Ιουί
1448 383 1597 422 gratum,

964 419 1077 458 domo,
1112 420 1217 452 Beate
1250 420 1445 463 Maecenas,
1476 423 1597 465 bibam,

965 466 1111 497 Sonante
1135 464 1272 497 mixtum
1296 466 1388 498 tibiis
1400 478 1533 501 carmen
1547 470 1598 512 ly-

964 519 1016 545 ra,
1044 509 1118 542 Hac
1144 509 1291 552 Dorium,
1318 511 1387 543 ielis·
1409 512 1599 555 barbarum,

966 552 996 584 tn.
1031 564 1061 585 e.
1097 554 1290 595 Phrygium.
1338 557 1391 588 Ibi
1417 568 1499 590 vero
1523 560 1597 599 quis

966 602 1021 629 est
1049 601 1129 640 quin
1161 607 1322 640 protenus
1355 601 1470 634 videat
1503 605 1594 643 cogi-

967 643 1029 674 tari
1055 650 1216 685 oportere
1242 645 1285 676 de
1317 647 1419 679 simili
1451 659 1597 680 concen-

967 693 1015 726 tu,
1041 693 1144 730 atque
1169 689 1258 730 apud
1282 690 1463 724 Platonem
1485 698 1519 725 et
1533 694 1595 725 Se-

965 742 1082 765 necam
1107 734 1444 770 animadvertimus?
1470 738 1514 770 Ut
1537 738 1597 779 igi-

966 782 1021 808 tur
1051 779 1201 811 dubitari
1233 782 1343 820 possit
1384 782 1427 814 de
1465 781 1598 814 harmo-

964 823 1039 854 niae
1065 823 1190 856 Dorise
1215 828 1250 856 et
1265 824 1437 866 Phrygiae
1456 836 1531 866 usn,
1555 827 1598 860 de

962 876 1029 906 quo
1054 877 1120 900 nou
1145 873 1199 901 est
1234 879 1293 901 cur
1324 880 1412 902 nunc
1445 882 1595 912 expona-

963 921 1051 951 mus,
1074 917 1186 946 tameu
1212 920 1398 946 concentus
1419 917 1508 948 ratio
1522 918 1595 949 uni-

964 966 1061 988 versa
1085 967 1250 997 quaenam
1276 959 1395 1000 fuerit,
1426 963 1512 992 satis
1536 972 1594 994 ex-

965 1003 1133 1042 ploratum
1168 1013 1244 1035 esse
1271 1009 1441 1045 putamus.
1491 1007 1594 1038 Simi—

965 1047 1046 1078 liter
1061 1047 1276 1080 iudicandum
1294 1055 1347 1081 est
1366 1050 1408 1082 de
1426 1051 1488 1082 illis
1512 1052 1594 1084 Ho-

964 1100 1006 1122 ra
1021 1095 1044 1123 t.
1077 1095 1150 1124 Art.
1194 1095 1285 1125 Post.
1331 1105 1360 1126 r.
1403 1095 1479 1129 202.
1531 1096 1591 1127 '1¹1‘-

963 1135 1018 1167 bt'a
1051 1153 1086 1160 —-
1122 1137 1230 1170 tenuis
1266 1138 1469 1181 simplexque
1492 1142 1594 1181 sora·

962 1180 1048 1213 mine
1070 1192 1177 1224 pauco
1200 1182 1380 1225 adspirare
1414 1189 1446 1216 et
1479 1185 1595 1219 adesse

960 1224 1069 1257 choris
1096 1231 1170 1258 erat
1194 1227 1297 1261 utilis.
1331 1239 1372 1260 ac
1406 1229 1449 1261 de
1482 1231 1593 1263 verbis

961 1270 1228 1304 Quintiliani
1274 1274 1399 1305 Institt.
1431 1275 1528 1310 Orat.
1567 1277 1589 1308 l.

960 1315 1014 1348 10.
1054 1315 1121 1347 Nec
1144 1315 1208 1348 illa
1235 1317 1330 1350 modo
1354 1319 1502 1352 contenti
1525 1320 1592 1353 dis-

958 1359 1117 1392 similium
1142 1363 1387 1403 concordia,
1412 1375 1511 1405 quam
1535 1377 1591 1398 υο·

959 1409 1035 1436 cant
1045 1405 1094 1436 ha
1103 1417 1120 1436 r
1128 1417 1159 1437 m
1169 1418 1186 1438 ο
1194 1417 1215 1437 n
1224 1406 1312 1447 iam,
1332 1419 1447 1440 sonum
1464 1420 1591 1452 quoque

958 1449 1011 1482 his
1027 1450 1169 1483 motibus
1184 1451 1352 1484 dederunt.
1392 1453 1432 1484 In
1449 1454 1494 1485 eh
1505 1455 1591 1487 oris

958 1506 1056 1536 quum
1079 1495 1147 1526 dus
1170 1496 1326 1528 carminis
1346 1497 1466 1539 hymno
1489 1510 1589 1542 prae-

957 1538 1052 1578 cinit,
1079 1540 1319 1574 concinentium
1345 1542 1469 1584 vulgas
1501 1544 1590 1576 viro-

956 1593 1029 1615 rum
1045 1587 1076 1615 et
1083 1584 1289 1623 feminarum
1302 1587 1415 1619 mixtis
1429 1588 1591 1629 gravibus

955 1632 987 1660 et
1007 1628 1115 1660 acutis
1139 1629 1336 1662 clamoribus
1353 1643 1472 1664 unam
1496 1633 1588 1666 har-

956 1671 1131 1705 moniam
1144 1679 1312 1708 resonant.
1335 1676 1522 1709 Enimvero
1543 1679 1589 1711 ibi

954 1727 1089 1758 quoque
1119 1717 1244 1750 chorus
1276 1721 1306 1751 is
1343 1721 1454 1753 animo
1485 1722 1588 1755 infor·

955 1762 1096 1794 mundus
1119 1768 1190 1801 est,
1216 1764 1271 1804 qui
1297 1774 1401 1797 voces
1426 1767 1586 1808 sympho-

954 1807 1008 1838 nia
1032 1811 1067 1839 et
1091 1807 1285 1849 antiphonia
1317 1819 1486 1842 consonas
1510 1812 1584 1843 strn-

955 1851 1005 1883 dit
1019 1853 1273 1885 concinentibus
1289 1854 1390 1886 tibiis.
1411 1855 1484 1888 Nec
1504 1866 1587 1890 vero

953 1897 1017 1929 iarn
1057 1897 1347 1939 interpretationis
1381 1901 1490 1932 lucem
1527 1901 1586 1934 de-

954 1941 1104 1974 siderare
1148 1943 1306 1975 videntur
1355 1954 1442 1984 quae
1487 1945 1588 1978 habet

955 1991 1159 2028 personatus
1207 1989 1494 2021 Aristoteles
1531 1991 1586 2024 De

955 2032 1081 2063 mundo
1108 2045 1136 2064 c.
1162 2033 1194 2066 6.
1227 2031 1381 2073 καθάπερ
1408 2033 1443 2064 δὲ
1468 2034 1505 2066 ἐν
1528 2046 1584 2076 χο-

955 2076 1004 2118 ρῷ
1030 2079 1226 2117 κορυφαίου
1244 2077 1476 2119 κατάρξαντος
1502 2091 1581 2111 συν·

953 2125 1070 2162 επηχεῖ
1090 2123 1155 2154 πᾶς
1185 2119 1203 2153 ὁ
1220 2121 1324 2163 χόρος
1346 2122 1483 2164 ἀνδρῶν
1508 2123 1584 2157 ἔσθ’

952 2164 1008 2198 ὅτε
1040 2168 1093 2198 καὶ
1125 2169 1295 2208 γυναικῶν
1325 2167 1361 2199 ἐν
1400 2167 1584 2211 διαφόρως

951 2216 1080 2252 φωναῖς
1105 2209 1284 2253 ὀξυτέρως
1307 2214 1360 2244 καὶ
1379 2214 1583 2256 βαρυτέραιε

949 2259 1052 2295 μίαν
1082 2254 1294 2298 ἁρμονΙαν
1333 2257 1579 2299 κεραννύντων.

949 2302 1048 2335 Quae
1073 2306 1142 2334 tam
1166 2303 1365 2334 mirabiliter
1379 2313 1454 2335 cum
1471 2304 1579 2337 Quin-

949 2347 1094 2378 tilianeis
1120 2349 1347 2387 consentiunt,
1372 2353 1408 2379 nt:
1431 2349 1487 2380 uni
1505 2351 1581 2382 loco

949 2391 1003 2423 ubi
1019 2393 1128 2423 lucem
1143 2391 1317 2430 effuderis,
1335 2393 1453 2425 endem
1476 2405 1580 2436 opera

946 2437 1047 2468 etiam
1070 2438 1211 2468 alterum
1237 2436 1487 2471 dilucidaveris.
1517 2444 1577 2471 At-

944 2491 1012 2521 que
1042 2481 1128 2513 idem
1156 2481 1227 2512 fere
1260 2483 1302 2513 de
1328 2484 1453 2514 ceteris
1478 2485 1577 2523 locis,

944 2526 1000 2565 qui
1049 2535 1089 2559 ex
1135 2525 1362 2558 Macrobio
1416 2528 1575 2561 Prooem.

943 2570 1099 2610 Saturn„
1143 2570 1453 2604 Ptolomaeo
1485 2572 1575 2605 Har-

942 2615 1087 2647 mon.11.
1104 2615 1213 2654 c.12.‚
1229 2622 1263 2648 et
1279 2615 1575 2658 cassiodoro,

941 2659 1002 2692 hac
1026 2661 1056 2692 in
1085 2670 1207 2692 caussa
1234 2661 1328 2694 allati
1353 2667 1452 2701 sunt,
1478 2662 1587 2695 iudi--
