1644 2886
225 57 310 101 DF:
342 56 618 118 LEGIBUS
651 57 770 100 LIB.
805 55 912 100 V11.
945 56 992 97 P.
1026 57 1121 98 795.
1155 55 1218 101 St.
1266 79 1276 95 ι
1334 57 1416 98 279

68 196 125 223 κα
162 180 235 221 καὶ
270 175 461 228 κάλλους
495 178 583 219 τῶν
617 177 698 220 τοῦ
747 174 952 230 σώματος
985 174 1128 219 αὐτοῦ
1165 174 1308 230 μελῶν
1345 177 1419 217 καὶ

23 277 26 278 ⁷
67 248 235 302 μερῶν,
268 244 319 288 τὸ
355 246 582 302 προςῆκον
616 246 792 300 καμπῆς
827 261 872 287 τε
905 246 976 287 καὶ
1014 239 1229 294 ἐκτάσεως
1259 239 1419 285 ἀποδι-

67 317 252 368 δομένης
287 311 488 364 ἑκάστοις
522 311 680 364 αὐτοῖς
713 310 887 362 αὐτῶν,
935 310 1171 368 εὐρύθμου
1213 307 1420 363 κινήσεως

68 447 178 477 tiores
201 454 333 477 omnes.
359 444 459 476 mele.
486 455 516 474 v.
542 443 720 485 explicatt.
751 442 966 474 Mutavimus
993 452 1076 474 vero
1101 443 1418 484 interpunctionem

69 491 254 523 verborum
288 490 394 531 vulgo
420 491 533 521 minus
565 490 742 521 subtiliter
775 489 913 521 factam.
951 489 1021 521 Pro
1054 484 1306 530 ἀποδιδομένης
1327 489 1418 522 Her-

67 547 214 569 mannus
245 537 410 569 insolenti
443 537 591 568 audancia
623 532 841 567 ἀποδιδοῦσα
870 536 1028 577 scripsit,
1061 546 1131 577 quo
1157 545 1200 568 ne
1225 546 1314 578 opus
1340 536 1416 586 qui·

68 585 146 615 dem
170 589 235 615 est.

68 687 123 718 cui
138 696 210 718 uon
229 685 377 718 debebat
393 685 442 716 sic
454 690 583 716 temere
602 685 707 716 fidem

68 733 196 764 habere
220 732 422 764 Zellerus
455 730 554 763 Stud.
587 731 705 763 Plato-

67 779 154 810 nicc.
191 789 222 820 p.
259 779 315 813 99.
359 779 408 808 At
449 777 613 808 nimirum
652 788 707 809 res

68 826 144 856 viro
169 825 272 856 docto
293 825 370 855 visa
388 828 441 854 est
457 823 542 854 satis
563 822 702 860 idonea,

64 871 156 903 unde
186 871 321 912 aliquid
344 870 511 902 malarum
535 870 706 911 suspicio-

65 927 141 948 rum
168 918 212 949 de
235 917 303 948 fide
329 923 363 947 et
394 916 604 947 auctoritate
629 917 705 948 uui-

63 964 157 995 versi
179 964 296 1005 operis
324 963 519 994 duceretur.

109 1007 215 1050 ἄλλη
242 1007 287 1040 δὲ
315 1005 507 1048 εὐεξίας,
539 1006 700 1051 elatea]

64 1055 164 1087 Istud
187 1051 322 1095 εὐεξίας
345 1065 410 1096 pro
439 1055 595 1095 genitivo
613 1056 702 1086 acci-

64 1103 190 1143 pimus,
216 1103 275 1143 qui
297 1103 428 1143 pendet
445 1111 489 1132 ex
506 1097 584 1142 ἄλλη
601 1096 701 1142 ὀρχή-

66 1146 152 1179 σεώς
187 1146 295 1185 ἐστιν,
337 1147 403 1181 hoc
443 1156 564 1179 sensu:
609 1148 703 1179 alia

65 1204 164 1235 pars
201 1194 466 1226 saltationis
504 1194 703 1234 pertinet

63 1241 116 1271 ad
151 1240 306 1272 bonnm
342 1240 550 1280 corporis
585 1240 701 1271 habi-

65 1292 158 1320 tum.
216 1286 364 1319 Frustra
410 1287 518 1327 igitur
565 1286 592 1317 F
610 1287 702 1318 rid.

65 1332 436 1365 Thierschius
468 1332 631 1373 Prolegg.
658 1333 702 1364 ad

63 1377 207 1410 Pindar.
224 1389 258 1420 p.
275 1379 330 1413 65.
357 1375 493 1418 εὐεξίαν
516 1379 701 1420 legendum

61 1430 191 1456 censet.
240 1425 315 1457 Iam
351 1436 434 1456 vero
470 1423 564 1457 recte
591 1425 701 1457 subii-

60 1471 169 1502 citur:
204 1468 435 1512 ἑλαφρόιηιόε
464 1482 496 1502 τε
522 1490 559 1494 —
577 1471 700 1512 μερῶν,

62 1516 96 1548 h.
122 1527 151 1549 e.
180 1527 289 1558 quae
325 1523 495 1559 spectat
519 1518 570 1550 ad
595 1518 699 1549 levi-

63 1568 196 1595 tatem
228 1569 270 1595 et
300 1570 576 1598 venustatem
610 1574 697 1596 cor-

62 1609 186 1650 poris
240 1611 432 1651 pa'rtium
477 1621 526 1643 ac
581 1621 697 1642 mem-

61 1655 249 1687 brorum.
306 1655 348 1688 In
390 1657 518 1698 quibus
559 1657 698 1689 notabis

59 1702 343 1733 coniunctionem
374 1703 562 1735 verborum
587 1704 699 1742 μελιᾶν

61 1747 115 1778 καὶ
138 1748 266 1788 μερῶν,
291 1750 389 1780 cuius
421 1750 581 1791 exempla
613 1750 699 1782 haec

59 1799 158 1825 sunt:
185 1794 319 1826 Phileb.
345 1805 379 1836 p.
400 1794 453 1828 14.
479 1796 529 1827 E:
556 1793 594 1826 τὰ
619 1795 697 1837 μέλη

61 1849 96 1870 τε
120 1839 174 1870 καὶ
198 1837 264 1878 ἅμα
289 1839 371 1882 μέρη
397 1839 524 1873 διελών.
544 1841 696 1873 Phaedr.

61 1895 96 1926 p.
120 1884 200 1919 238.
226 1887 270 1918 A.
297 1886 388 1918 Tim.
403 1898 437 1928 p.
456 1887 512 1921 76.
537 1887 588 1918 E:
614 1887 693 1927 ξυμ-

63 1929 242 1971 πεφυκόια
266 1930 349 1973 μέρη
374 1934 428 1964 καὶ
453 1934 543 1974 μέλη.
579 1933 639 1964 ubi
665 1945 695 1965 v.

58 1987 141 2009 ann.
172 1977 296 2012 Ovid.
329 1978 471 2012 Metam.
497 1979 593 2011 xiv.
617 1979 697 2014 547.

60 2025 276 2056 cremabit
321 2025 429 2057 edax
476 2036 697 2058 nemorum

61 2076 209 2111 partes
229 2075 270 2102 et
287 2072 474 2103 membra
497 2082 695 2104 meorum.

61 2116 155 2148 Doi'n
180 2118 304 2148 verba:
340 2115 376 2148 τὸ
412 2118 591 2159 προσῆκον
617 2130 696 2157 καμ-

62 2162 129 2203 πῆς
169 2174 198 2194 κ.
243 2174 269 2194 r.
310 2163 336 2194 λ.
382 2165 526 2196 multam
569 2165 699 2196 habent

60 2209 326 2241 dubitationem.
411 2210 501 2243 Nam
549 2212 698 2252 primum

60 2256 203 2296 quidem
237 2256 344 2297 vulgo
378 2262 460 2288 ante
502 2255 697 2298 Btaauecooa

59 2300 161 2343 μένης
203 2307 375 2334 commate
422 2305 697 2347 interpungitur,

61 2357 163 2388 quam
182 2348 443 2382 distinctionem
455 2351 559 2382 etiam
578 2360 696 2383 recen·

61 2393 184 2425 tissimi
209 2401 394 2427 servarunt
427 2397 591 2428 editores.
626 2396 697 2428 De-

62 2438 143 2470 inde
165 2445 246 2472 ante
269 2437 520 2484 ἀποδιδομένης
540 2444 577 2475 in
594 2443 696 2474 codd.

63 2483 151 2515 fere—
177 2486 316 2520 additur
360 2489 432 2527 καὶ,
472 2490 566 2531 quod
607 2488 697 2521 Ste-

63 2529 239 2573 pharius¹
267 2534 384 2576 eiecit,
428 2541 598 2577 sequutus
637 2545 696 2568 au·

63 2576 258 2609 ctoritatem
281 2580 364 2613 Ald.
388 2581 471 2616 Bas.
489 2582 518 2616 1.
538 2587 573 2614 et
591 2582 623 2616 2.
648 2583 698 2613 At

62 2622 295 2664 interpunctio
347 2628 486 2668 quidem
535 2630 598 2661 illa
645 2633 697 2659 est

64 2669 232 2701 Θὶυδῐῦθᾶῑ
246 2695 253 2707 ‚
296 2676 332 2701 ut
374 2675 490 2707 omnia
526 2686 586 2717 per
623 2685 697 2707 eam

776 685 900 716 misere
933 684 1190 726 perturbentur.
1236 683 1414 722 Quamob-

775 741 846 762 rem
872 737 953 772 post
984 726 1100 762 αὐτῶν
1126 730 1313 763 incidimus
1333 741 1412 763 ora-

774 778 918 814 tionem,
943 787 1013 819 quo
1040 777 1134 809 facto
1161 787 1284 809 sensus
1301 788 1411 809 emer-

773 824 825 864 git
857 823 930 854 hic:
970 824 1063 855 dum
1099 824 1301 865 singulis
1336 834 1414 856 sua

771 870 1027 912 quibusque
1082 869 1224 902 flexio
1272 874 1314 902 et
1348 881 1412 902 ex-

773 917 936 956 tensio,
983 920 1191 958 quantum
1237 917 1412 958 quidem

770 963 1000 1002 convenit,
1027 962 1239 994 tribuitur
1264 973 1293 995 s.
1308 973 1411 995 com-

771 1015 960 1050 paratur.
1007 1008 1098 1040 Nam
1124 1007 1160 1040 τὸ
1187 1010 1366 1051 προσῆκον
1389 1011 1412 1041 i.

772 1066 805 1096 q.
833 1053 914 1086 κατὰ
940 1052 978 1086 τὸ
1009 1056 1190 1097 προσῆκον
1221 1066 1248 1090 s.
1282 1065 1410 1098 προςη-

771 1099 916 1133 κόιτων.
958 1101 1037 1133 Nisi
1058 1102 1149 1135 forte
1163 1099 1210 1133 ὦς
1236 1103 1411 1144 προεῆκον

771 1149 839 1190 legi
888 1153 1044 1190 praestat
1083 1154 1144 1180 aut
1179 1145 1410 1191 ἀποδιδομένη

770 1195 1011 1236 retingendum
1049 1200 1114 1226 est.
1178 1194 1250 1227 Sed
1291 1192 1410 1227 αὐτοῖς

770 1237 881 1272 αὑτῶν
912 1246 992 1283 post
1022 1239 1180 1272 §udaeam
1203 1251 1265 1283 per
1297 1253 1408 1284 appo-

767 1288 932 1320 sitionem
966 1288 1118 1328 aceedit,
1143 1293 1180 1319 ut
1214 1299 1286 1320 non
1320 1299 1408 1331 opus

767 1335 814 1366 sit
840 1345 916 1366 cum
943 1332 1166 1375 Stephano
1193 1331 1303 1376 αὐτῆς
1334 1345 1408 1368 cor-

768 1381 895 1421 rigere.
922 1381 1077 1412 Astius
1101 1391 1165 1422 pro
1190 1379 1305 1412 αὑιιῦν
1323 1383 1408 1414 scri-

769 1428 839 1468 psit
887 1422 1019 1463 αιῖτιῦν,
1071 1428 1179 1469 idque
1237 1434 1409 1460 commate

769 1478 849 1514 post
880 1468 999 1505 αὐτοῖς
1029 1476 1146 1514 posito
1179 1485 1255 1506 cum
1287 1476 1407 1516 proxi-

768 1520 833 1552 mis
859 1516 1043 1559 ειῖρύθμου
1071 1517 1237 1561 κινήσεως
1250 1521 1287 1552 in
1300 1532 1407 1554 unum

767 1566 959 1598 coniunxit.
1000 1565 1078 1604 Quo
1101 1567 1189 1598 nihil
1213 1568 1407 1608 proficitur.

766 1611 891 1654 Neque
918 1622 1006 1653 opus
1032 1617 1085 1645 est
1108 1615 1309 1646 coniectura
1333 1614 1361 1646 F
1370 1625 1407 1647 a·

766 1658 835 1690 bri
865 1660 1027 1700 Agonist.
1053 1659 1100 1692 11.
1126 1659 1158 1693 4.
1185 1661 1220 1691 in
1246 1659 1405 1693 Gronov.

765 1704 935 1739 Thesaur.
963 1706 1046 1737 Ant.
1075 1704 1136 1737 Gr.
1165 1706 1245 1739 Vol.
1266 1707 1351 1740 vm.
1370 1719 1403 1749 p.

764 1750 866 1785 1940.
883 1751 1104 1783 scribendum
1122 1754 1298 1794 putantis:
1325 1752 1402 1785 ἑκά-

764 1806 859 1829 arom
882 1793 997 1828 αὐτῶν
1014 1793 1200 1838 εὐρύθμου
1220 1798 1403 1841 ’κινήσεως,

765 1843 832 1874 καὶ
858 1841 1141 1885 διασπειρομένης
1166 1857 1194 1877 κ.
1213 1857 1238 1877 τ.
1260 1847 1286 1878 λ.
1312 1847 1404 1879 Nam

763 1890 956 1921 rectissime
997 1896 1257 1932 consequuntur
1300 1893 1404 1924 haec:

764 1931 949 1976 εὐρύθμου
974 1934 1142 1977 κινήσεως
1165 1948 1194 1968 κ.
1223 1949 1249 1969 τ.
1272 1939 1311 1978 L,
1330 1949 1403 1971 mo-

765 1982 811 2013 do
847 1987 930 2023 post
970 1979 1084 2013 αὖιῶν
1121 1984 1304 2016 nobiscnm
1354 1986 1404 2017 fe-

765 2028 854 2060 ceris
889 2029 1206 2070 interpunctionem
1236 2031 1304 2063 hoc
1328 2033 1403 2073 qui-

764 2075 842 2106 dem
860 2085 981 2107 sensu:
1004 2077 1065 2108 ita
1082 2081 1126 2107 ut
1145 2086 1403 2110 numerosus

765 2126 902 2154 motus
927 2123 1037 2154 satis
1061 2132 1104 2154 se
1129 2122 1331 2156 effundat
1353 2125 1404 2156 si-

766 2167 850 2198 mul
866 2173 906 2199 et
923 2169 1205 2201 consocietur
1223 2181 1298 2212 per
1315 2173 1404 2203 uni-

768 2223 935 2246 versam
967 2215 1262 2258 saltationem,
1293 2217 1403 2250 wih-

765 2260 872 2292 rend
918 2260 1211 2302 rhythmisehe
1259 2262 1401 2296 Bewe-

766 2315 883 2347 gung
917 2307 1012 2339 sich
1046 2307 1153 2340 iiber
1188 2309 1266 2341 den
1302 2320 1403 2352 gan-

765 2361 841 2383 zen
867 2352 986 2385 Taiiz
1020 2355 1282 2395 ausbreitet,
1317 2357 1403 2389 und

766 2397 861 2429 sich
887 2399 1137 2432 schicklich
1161 2412 1209 2433 zu
1234 2402 1320 2434 ihm
1337 2413 1402 2444 ge·

765 2443 896 2476 sellt..
927 2446 1047 2487 Atque
1074 2446 1128 2479 his
1152 2447 1202 2480 ita
1230 2450 1403 2490 expositis

764 2489 867 2522 facile
902 2493 1007 2524 etiam
1036 2493 1222 2526 diiudicari
1260 2496 1400 2536 poterit,

766 2536 848 2577 quid
863 2536 906 2569 de
930 2539 998 2571 isto
1018 2539 1071 2569 καὶ
1097 2540 1318 2579 statuendum
1342 2543 1400 2582 sit,

766 2582 859 2636 quod
901 2584 938 2616 in
977 2585 1137 2627 plurimis
1177 2587 1277 2620 libris
1317 2592 1399 2620 ante

766 2626 1015 2671 αποδιδομένης
1039 2631 1241 2666 inculcatur.
1260 2632 1398 2677 Quippe

766 2676 882 2707 turbat
905 2677 991 2708 illud
1024 2678 1181 2718 profecto
1215 2680 1397 2714 veliemen-
