1644 2886
258 133 281 171 s
696 129 1146 199 ARGUMENTUM

236 242 411 295 tuerit,
436 241 557 283 ·bene
598 241 679 282 erit
711 241 885 296 'legibus
924 247 1182 297 temperata3
1208 242 1286 283 'sin
1327 238 1485 300 auteur
1511 239 1583 286 lex
1643 279 1644 282 ,

258 297 402 352 aliqua
432 297 688 352 reperietur,
721 302 843 350 quae'
862 298 1054 352 corporis
1084 299 1575 355 sanitate1n·temperan-

256 353 366 406 tiae,
398 351 466 397 vel
497 351 668 393 divitias
700 353 876 404 sanitati
907 367 956 407 ac
987 354 1292 409 temperantiae
1330 356 1573 410 anteponat,

257 423 350 462 eam
380 417 527 464 parum
557 409 672 449 recte
704 408 757 450 ab
789 415 964 450 auctore
998 410 1202 465 scriptam
1222 424 1315 452 esse
1346 409 1599 453 certissime·

258 463 440 505 iudicari
469 463 619 505 licebit
649 465 711 519 (p.
745 466 839 507 743.
869 465 923 507 E.
958 467 1051 508 744.
1081 467 1172 520 A.).
1240 496 1262 508 ..
1390 482 1404 493 -’
1567 462 1575 468 “

370 539 461 584 Sed
488 540 711 583 redeamus
741 541 796 583 ad
825 542 1035 584 bonorum
1075 543 1385 598 aequalitatem.
1444 541 1502 592 In,
1527 556 1577 583 ea

256 597 399 654 igitur,
450 602 586 653 quam·
617 596 834 640 condituri
873 612 1044 652 sumus,
1090 599 1263 641 civitate
1303 614 1429 655 quum
1475 599 1575 639 item

257 652 493 709 optandum
522 653 666 708 fuerit,
698 659 747 695 ut
765 669 899 696 nemo
929 654 1025 696 aliis
1055 655 1152 710 plus
1185 671 1312 712 opum
1339 653 1575 710 possideat,-

257 715 398 758 tamen
426 724 558 764 quum
587 724 740 766 magna
758 710 1004 752 colonorum
1034 725 1133 767 pars
1162 712 1275 754 bona
1304 726 1378 753 sua
1406 709 1576 751 aliunde

257 775 400 808 secum
430 765 712 821 importatura
740 766 811 820 sit,
843 766 965 807 facile
990 770 1182 823 apparet,
1214 767 1306 809 fieri
1334 781 1416 808 non
1433 781 1576 821 posse,

257 829 304 862 ut
341 822 394 864 ab
433 821 556 864 initio
588 822 731 863 statim
759 822 874 864 bona
902 822 1015 864 inter
1043 838 1118 865 eos
1149 823 1394 865 dividantur
1422 836 1577 876 aequa-

255 878 366 919 liter.
441 876 523 919 Cui
562 877 832 920 incommodo
872 878 1016 933 aliquo
1054 878 1181 921 modo
1219 879 1376 921 mederi
1406 877 1578 919 debebi-

256 949 364 976 mus.
424 932 754 977 Constituantur
790 934 922 990 igitur
967 949 1046 990 pro
1086 950 1241 977 census
1289 950 1353 976 ma
1386 933 1577 990 nitudinc

258 996 442 1045 quatuor
471 990 627 1031 civium
657 986 832 1044 classes,
863 990 924 1032 ita
953 997 1001 1031 ut
1031 995 1075 1032 et
1101 991 1146 1033 in
1176 950 1414 1033 deferendis
1444 989 1578 1031 hono-

256 1045 374 1088 ribus
415 1051 459 1091 et
498 1045 543 1087 in
574 1045 854 1102 vectigalibus
886 1045 1109 1100 exigendis
1139 1063 1225 1090 non
1254 1045 1378 1089 modo
1408 1045 1578 1088 virtutis

258 1108 302 1144 et
329 1101 581 1155 nobilitatis,
612 1100 688 1144 sed
720 1102 847 1144 etiam
878 1101 1145 1157 divitiarum,
1177 1117 1283 1158 quas
1315 1103 1409 1158 quis
1471 1101 1578 1144 ossi—

257 1157 372 1212 deat,
402 1158 512 1199 ratio
541 1157 763 1202 habeatur.
819 1157 1047 1200 Praeterea
1076 1165 1301 1212 caveatur,
1339 1173 1392 1200 ne
1422 1157 1492 1199 aii
1520 1157 1578 1199 ci·-

256 1228 333 1256 ves
372 1213 487 1266 iusto
526 1212 727 1267 ditiores,
758 1213 831 1256 alii
860 1213 985 1256 nimis
1014 1228 1225 1270 pauperes
1254 1214 1382 1268 fiant,
1413 1213 1486 1268 qui
1517 1221 1580 1255 est

258 1271 354 1313 fons
402 1269 713 1312 discordiarum
750 1284 800 1312 ao
846 1269 1107 1321 seditionum
1155 1270 1282 1327 longe
1327 1271 1579 1313 uberrimus.

260 1326 414 1381 Itaque
435 1336 478 1367 et
507 1325 751 1381 paupertati
784 1331 827 1367 et
857 1326 1101 1382 opulentiae
1133 1326 1236 1368 certi
1269 1333 1471 1380 tauquam
1497 1333 1580 1367 ter-

258 1379 739 1435 mini'constituantur,
781 1381 843 1423 ita
875 1381 1070 1436 quidem,
1110 1388 1159 1423 ut
1187 1382 1253 1424 vel
1283 1381 1579 1437 pauperrimus

259 1438 518 1494 assignatam
559 1437 644 1493 ipsi
675 1452 883 1494 agrorum
920 1437 1161 1493 portionem
1191 1438 1430 1493 possideat3
1470 1436 1580 1478 divi-

257 1495 410 1536 tiarum
442 1500 584 1535 autem
613 1508 738 1535 nemo
770 1494 867 1549 plus
896 1493 1134 1550 possideat,
1168 1509 1294 1548 quam
1327 1492 1578 1548 quadruplo.

258 1550 345 1604 Qui
383 1565 484 1592 vero
525 1549 636 1591 ultra
676 1549 792 1592 hunc
834 1549 1008 1591 modum
1053 1565 1155 1606 opes
1185 1549 1436 1592 adauxerint
1463 1564 1578 1602 suas,

256 1607 283 1647 ii
318 1612 525 1662 cogantur
555 1612 721 1661 partem
752 1621 1112 1661 supervacaneam
1137 1605 1219 1648 diis
1249 1611 1291 1647 et
1320 1605 1580 1661 reipublicae

257 1662 528 1713 curatoribus
554 1661 746 1712 tradere3
775 1663 841 1705 sin
863 1662 999 1715 aliter,
1023 1661 1192 1717 publice
1215 1659 1487 1713 mulctentur,
1518 1667 1580 1703 at-

258 1736 273 1760 ι,
287 1734 341 1759 ue
371 1718 593 1759 dimidium
623 1717 804 1759 mulctae
835 1717 1014 1758 delatori
1046 1717 1326 1773 persolvetur,
1359 1716 1580 1757 dimidium

257 1736 338 1816 ‹iiis
368 1774 699 1818 consecrabitur.
776 1772 1000 1827 Quidquid
1032 1779 1171 1815 autem
1205 1774 1597 1827 quisquepraeter·

256 1845 454 1885 agrorum
474 1836 632 1872 sortem
659 1829 868 1893 possidet,
898 1829 942 1870 id
972 1829 1016 1870 in
1045 1829 1226 1884 publicis
1255 1828 1412 1873 tabulis
1440 1839 1464 1869 a
1494 1842 1581 1868 ma-

258 1887 509 1928 ‹ristratibus
554 1894 853 1941 consignetur,
903 1901 987 1940 quo
1033 1885 1201 1926 facilius
1250 1884 1430 1937 iudicia,
1472 1898 1580 1938 quae

253 1921 310 1983 {id
331 1958 417 1984 rem
441 1941 687 1983 familiarem
708 1941 964 1996 pertincant,
993 1941 1144 1983 haberi
1182 1941 1351 1997 possint
1391 1940 1452 1996 (p.
1485 1940 1577 1981 744.

261 1999 310 2047 Β,
342 2022 396 2030 μ
427 1999 522 2047 745.
553 1999 645 2052 A.).

372 2087 620 2142 Descriptio
647 2102 749 2128 vero
790 2087 977 2130 civitatis
1007 2085 1112 2127 haec
1141 2086 1209 2127 sit.
1269 2085 1385 2127 Urbs
1417 2085 1462 2124 in
1494 2098 1579 2125 me-

252 2144 329 2186 -dia
364 2144 539 2200 regione
579 2143 744 2185 civitati
794 2142 1008 2184 destinata
1045 2141 1265 2182 condatur.
1334 2139 1433 2193 Quo
1467 2140 1579 2181 facto

256 2215 359 2256 ager
382 2199 510 2254 urbi.
538 2198 827 2247 circumdatus
867 2198 1058 2252 undique
1087 2198 1132 2238 in
1163 2196 1388 2238 duodecim
1418 2195 1577 2237 descri-

256 2257 383 2298 batu'r
419 2254 568 2297 sortes.
625 2255 791 2297 Harum
827 2270 926 2310 pars
956 2255 1092 2309 prima
1117 2253 1226 2305 Iovi,
1258 2253 1434 2305 Vestae,
1466 2257 1579 2293 cete-

256 2313 398 2366 risque
446 2310 527 2353 diis
570 2311 740 2376 publice
781 2317 1075 2358 consecretur3
1115 2309 1306 2362 reliquae
1353 2314 1493 2349 autem
1532 2308 1578 2348 in

255 2367 432 2410 totidem
473 2373 721 2423 portiones,
762 2373 868 2422 quot
894 2367 1008 2409 cives
1042 2371 1141 2406 sunt
1173 2364 1229 2416 (h.
1261 2380 1296 2406 e.
1329 2365 1479 2418 5040),
1514 2362 1578 2404 di-

255 2423 481 2475 vidantur,
531 2424 593 2464 ita
631 2423 833 2478 quidem,
870 2429 918 2464 ut
942 2460 946 2464 .
969 2422 1199 2476 unicuique
1247 2421 1371 2462 binae
1416 2419 1578 2476 portio-

257 2496 332 2522 nes
372 2479 682 2532 attribuantur,
723 2480 856 2531 altera
892 2492 1026 2532 eaque
1064 2478 1203 2519 minor
1234 2476 1314 2519 soli
1344 2475 1576 2526 fertilioris,

256 2537 389 2578 altera
446 2535 579 2587 maior
634 2536 714 2587 *soli
777 2534 1027 2585 deterioris,
1090 2549 1176 2575 una
1235 2532 1329 2574 urbi
1386 2531 1575 2587 propior,

255 2593 391 2633 ‘altera
432 2593 483 2633 ab
529 2587 676 2633 cadem
715 2590 927 2634 remOtior.
1004 2589 1272 2643 Quamquam
1315 2587 1451 2630 sicubi
1495 2601 1577 2641 ,per
1640 2589 1644 2594 ”

256 2647 457 2690 loom-um·
494 2654 684 2690 naturam
735 2663 818 2690 non
866 2647 1029 2689 licuerit
1083 2646 1283 2701 optimam
1342 2643 1462 2697 sequi
1514 2642 1576 2683 di-
