1644 2886
271 115 351 156 398

616 116 820 158 PLATO
857 114 937 159 DE
970 117 1255 162 LEGIBUS.

269 229 656 286 ἐνυγροθηρευτὴν
697 232 760 280 δέ,
796 231 909 283 πλὴν
944 238 990 276 ἐν
1025 237 1161 289 λιμέσι
1194 236 1267 278 καὶ
1301 239 1429 290 ἱεροῖς
1464 246 1600 281 ποῖα-

269 303 368 349 μοῐς
405 311 449 337 τε
484 296 558 336 καὶ·
591 297 700 337 ἕλεσι
730 298 803 338 καὶ
837 300 1020 353 λίμναις,
1055 305 1102 343 ἐν
1134 307 1228 350 τοῖς
1262 298 1413 350 ἄλλοις
1447 304 1491 344 δὲ
1521 303 1601 354 ἐξέ-

269 377 354 403 στω
385 358 608 416 θηρεύειν,
645 358 705 415 μὴ
731 362 958 418 χρώμενον
978 365 1101 408 ὀπῶν
1133 364 1422 410 ἀναθολώσει
1447 365 1601 422 μόνον.

368 427 467 467 Νῦν
504 418 585 468 οὖν
618 423 702 478 ἤδη
748 426 895 471 πάντα
927 428 1011 488 χρὴ
1055 431 1198 490 φάναι
1246 435 1364 481 τέλος
1400 436 1509 487 ἔχειν
1544 432 1598 475 τά

267 507 312 542 ys
350 490 547 540 παιδείας
581 497 676 546 πέρι
711 509 891 549 νομιμα.

375 559 475 599 ΚΛ.
544 558 701 608 Καλῶς
737 555 794 602 ἂν
829 563 980 614 λέγοις.

271 706 356 738 sime
398 707 520 747 vulgo:
535 720 597 738 Διιι
601 709 612 738 ἱ
646 709 748 751 ἱεροῖς
783 709 905 752 ἁγίοις.

272 751 384 783 Recte
420 751 509 783 codd
565 754 726 786 meliores
762 754 908 797 ἀγρίοις

277 796 512 838 intelliguntur
530 798 603 830 loca
620 801 800 840 sylvestria
827 801 905 832 hor·

275 841 345 873 rids
371 846 476 883 atque
500 847 614 883 »Quota
649 843 708 876 sed
736 845 800 877 diis
823 855 905 877 con·
935 876 939 882 .

269 891 402 919 sectata
436 887 723 928 (geweiiieter
758 890 905 923 wilder
944 905 950 909 ·

269 931 453 972 Boden)‚
486 933 517 964 in
542 934 664 973 quibus
689 936 902 968 venationem

271 978 341 1009 vuit
360 977 576 1009 interdictam
594 988 684 1010 esse.
714 979 763 1012 De
787 979 905 1022 ἄγριος

270 1033 299 1054 v.
330 1021 422 1054 Libr.
450 1032 484 1063 p.
509 1022 589 1058 905.
617 1023 658 1055 B.
682 1023 760 1058 908.
789 1031 826 1057 Α.
854 1025 904 1057 De

270 1067 468 1108 regionibus
492 1067 525 1099 in
549 1072 661 1101 terrae
689 1069 903 1102 distributio-

270 1122 312 1144 ne
337 1111 401 1144 diis
426 1113 667 1146 consecrandis
691 1125 722 1147 v.
746 1115 841 1147 Libr.
859 1115 902 1148 V.

270 1168 302 1199 p.
334 1156 411 1192 738.
439 1157 478 1190 D.
505 1157 582 1192 745
610 1158 650 1191 D.
859 1195 865 1197 .

337 1202 743 1256 ἐνυγροθηρευτὴν·
772 1203 817 1238 δέ
859 1221 901 1228 -

270 1245 497 1291 θηρεύειν]
539 1250 778 1281 Accusativum
815 1248 904 1281 hunc

271 1293 421 1324 Astius
445 1298 543 1334 putat
566 1295 726 1327 absolute
751 1295 901 1336 positum

269 1348 357 1370 esse.
408 1338 458 1370 De
491 1340 692 1379 qumnobis
723 1349 824 1372 secus
857 1339 903 1371 vi-

269 1382 381 1415 detur.
429 1382 605 1416 Cohaeret
635 1385 719 1417 enim
746 1385 802 1417 iiie
827 1394 902 1417 cum

269 1428 436 1460 infinitivo
469 1427 653 1471 θηρεύειν,
684 1429 903 1471 quandoqui-

267 1472 345 1506 dem
374 1474 480 1508 ἔξεστι
506 1483 592 1506 nunc
613 1484 687 1507 cum
703 1476 903 1508 accusativo

269 1521 305 1551 et
321 1518 483 1551 infinitivo
501 1520 722 1561 construitur,
748 1525 785 1552 ut
809 1525 901 1553 utra-

268 1573 337 1604 que
371 1564 584 1596 constructio
615 1565 719 1598 etiam
758 1564 902 1597 subinde

269 1608 500 1641 consocietur.
576 1608 742 1641 Nimirum
799 1619 902 1651 prave

270 1654 374 1694 vulgo
410 1659 490 1694 post
523 1653 578 1685 καὶ
607 1653 742 1696 λίμναις
767 1655 901 1695 pienius

269 1698 520 1740 interpungunt.
569 1699 671 1733 Quod
705 1700 793 1731 euim
822 1703 901 1741 post

267 1742 304 1775 ὃν
336 1746 409 1780 τοῖς
437 1741 554 1781 ἄλλοις
593 1744 821 1787 interponitur
850 1745 900 1784 δέ,

974 710 1007 742 id
1039 709 1083 741 ob
1113 714 1348 752 nniogressum
1381 710 1468 751 πλὴν
1491 712 1523 744 ὲν
1550 712 1598 743 λι-

972 758 1049 796 μέσι
1073 768 1100 786 κ.
1123 768 1152 786 τ.
1179 756 1209 787 λ.
1239 756 1601 798 oppositionis,gratia

972 802 1098 832 uiarum
1128 800 1265 832 iudicari
1290 801 1403 834 debet.

1017 887 1070 930 μὴ
1117 887 1340 931 χριόμενον
1376 909 1419 914 —
1450 889 1600 932 μόνον]

974 933 1101 965 modo
1139 943 1184 965 ue
1229 940 1374 967 ututur
1415 937 1600 968 mixtura

970 987 1197 1010 succorum
1246 991 1274 1012 s.
1324 979 1342 1012 Ιι
1359 992 1379 1012 u
1399 991 1466 1012 mo
1486 991 1538 1013 ru
1555 991 1599 1013 m.

966 1021 1088 1059 Ὀπός
1111 1023 1251 1065 proprie
1271 1027 1484 1066 estquivis
1509 1035 1599 1058 suc—

971 1077 1046 1100 cus
1085 1073 1125 1100 et
1165 1068 1310 1102 humor
1348 1081 1396 1103 ex
1437 1071 1601 1113 piautis

971 1116 1013 1146 et
1063 1112 1295 1146 arboribus
1351 1126 1599 1149 emanans.

969 1158 1105 1191 Eximie
1137 1168 1217 1191 vero
1252 1170 1294 1192 eo
1324 1162 1458 1194 nomine
1481 1163 1602 1203 appe!-

973 1204 1061 1236 iatur
1085 1212 1212 1236 succus
1230 1204 1302 1237 sive
1327 1206 1393 1238 iac
1418 1206 1601 1248 laserpi-

971 1249 1025 1281 tii
1066 1259 1095 1281 s.
1125 1248 1298 1290 silphii,
1338 1252 1438 1284 sicuti
1475 1251 1602 1284 docent

970 1294 1122 1326 Galen.
1146 1294 1265 1327 Gloss.
1285 1294 1449 1338 Hippocr.
1468 1307 1500 1338 p.
1520 1296 1598 1331 556.

971 1337 1025 1370 ed.
1043 1337 1169 1371 Franz.
1198 1339 1380 1374 Foesius
1407 1342 1599 1375 Oeconom-

970 1383 1171 1423 Hippocrst.
1205 1395 1236 1426 p.
1262 1384 1342 1421 458.
1374 1386 1429 1419 ed.
1464 1387 1601 1420 Frsucf.

970 1427 1086 1463 1588.
1104 1432 1139 1461 et
1167 1429 1274 1472 intpp.
1298 1430 1341 1463 ad
1370 1430 1491 1474 Theop
1494 1431 1598 1465 brut.

973 1474 1062 1506 Hist.
1090 1473 1241 1509 Plantar.
1270 1475 1327 1508 VI.
1352 1475 1384 1510 3.
1408 1477 1458 1509 De
1471 1443 1600 1510 pAttico

971 1518 1128 1552 vocabuli
1162 1529 1222 1551 usu
1255 1530 1285 1552 v.
1318 1521 1481 1554 Moeris
1506 1522 1598 1554 Atti-

970 1565 1045 1596 cist.
1079 1575 1112 1605 p.
1143 1565 1210 1598 290
1242 1575 1293 1606 sq.
1333 1567 1445 1608 ibique
1482 1567 1600 1600 Pier-

969 1618 1069 1644 son„
1088 1609 1270 1651 Significat
1285 1611 1373 1644 enim
1393 1612 1494 1644 etiam
1519 1622 1598 1645 suc·

969 1663 1046 1685 curn
1074 1654 1219 1686 lacteum
1237 1656 1402 1696 caprifici,
1428 1666 1496 1697 quo
1518 1667 1598 1689 con·

967 1699 1038 1740 guli
1066 1699 1144 1731 loco
1170 1700 1356 1733 utebantur
1393 1705 1528 1735 veteres
1557 1702 1599 1734 ad

969 1746 1021 1776 isc
1045 1744 1274 1786 spissandum.
