1644 2886
526 63 607 105 DE
641 63 920 108 LEGIBUS
955 70 1036 104 etc.
1341 61 1425 103 LV

57 177 120 219 les
149 191 372 220 sermones
402 177 470 219 vel
501 178 640 219 invito
661 176 873 232 scriptore
898 177 1166 228 emerserint,
1201 183 1304 223 tum,
1324 191 1423 232 pro-

57 234 239 276 hibitam
271 241 314 276 et
342 234 620 277 interclusam
651 233 911 275 emendandi
943 240 987 276 et
1014 232 1290 290 perpoliendi
1321 247 1424 288 ope-

57 305 146 332 ram
175 289 388 345 effecisse,
422 298 470 333 ut
500 307 588 333 non
618 289 750 332 modo
781 290 826 332 in
856 306 998 332 rerum
1031 289 1296 333 tractatione
1337 288 1417 332 sed

55 348 183 389 etiam
213 347 257 389 in
288 349 501 391 orationis
531 353 755 390 structura
785 353 828 388 et
857 346 1174 404 compositione
1204 346 1423 402 relinque-

54 411 227 458 rentur,
261 420 372 460 quae
412 405 507 462 ipse
540 403 847 461 philosophus,
879 404 916 446 si
946 404 992 446 in
1026 404 1139 446 vivis
1170 404 1421 455 mansisset,

53 460 394 516 haudquaquam
415 462 646 504 relicturus
667 466 772 503 erat.
805 460 970 502 Verum
995 461 1110 502 enim
1127 476 1232 503 vero
1253 461 1420 504 etiamsi

53 517 162 560 haec
200 518 262 560 ita
310 533 410 562 sese
456 518 669 571 habeant,
710 523 858 559 tamen
903 517 1043 573 qualis
1074 517 1212 560 forma
1247 524 1292 560 et
1323 532 1422 574 spe-

52 575 143 617 cies
178 576 393 618 orationis
425 575 470 617 in
509 575 577 618 his
609 573 733 616 libris
763 589 973 629 expressa
1004 574 1077 628 sit,
1111 574 1287 617 omnino
1324 575 1420 630 qui·

52 631 150 674 dem
189 633 298 674 satis
337 638 455 675 certo
495 631 745 688 perspicere
775 645 1024 686 possumus.
1083 631 1275 674 Mixtum
1308 631 1421 675 enim

51 698 119 731 est
147 703 199 731 ac
227 688 362 731 veluti
391 695 679 744 temperatum
720 687 895 729 dicendi
925 703 1079 744 genus,
1113 688 1230 742 quod
1259 689 1302 730 in
1333 688 1419 731 illis

50 750 221 802 regnat,
254 745 316 787 ita
343 751 392 788 ut
431 744 561 787 modo
603 746 663 787 sit
699 749 844 798 tenue,
886 745 1072 799 subtile,
1115 745 1417 800 tranquillum,

50 801 336 856 moderatum,
368 801 499 844 modo
531 802 693 844 celsum
726 808 858 856 atque
888 801 1079 858 grande,
1110 802 1243 844 modo
1287 802 1418 844 etiam

50 858 240 901 medium
287 859 402 900 inter
464 866 695 914 utramque
751 858 962 900 orationis
1011 860 1195 900 formam
1255 866 1416 902 teneat.

49 915 226 972 Quippe
246 922 312 958 est
330 915 456 970 illud,
479 922 530 957 ut
552 915 760 967 diximus,
783 915 912 971 plane
937 922 1272 972 attemperatum
1297 917 1414 972 ipsa-

48 989 141 1014 rum
171 988 329 1026 rerum,
361 987 473 1028 quae
505 979 811 1027 exponuntur,
855 972 1101 1015 rationibus
1148 979 1279 1028 atque
1320 989 1416 1030 per-

47 1030 167 1072 sonis
198 1030 558 1085 colloquentium,
592 1036 641 1071 ut
670 1031 875 1084 utrinque
906 1045 1034 1072 suum
1055 1030 1245 1073 colorem
1268 1046 1416 1073 suum-

47 1101 132 1141 que
162 1086 360 1129 habitum
391 1094 570 1129 nactum
603 1086 674 1127 sit.
698 1104 710 1106 ⁷
734 1086 834 1128 Nec
854 1102 958 1129 vero
993 1086 1173 1129 dubium
1195 1094 1278 1143 est,
1311 1088 1415 1144 quin

45 1142 156 1185 illud
194 1143 357 1185 referat
395 1143 497 1185 item
536 1143 736 1185 Platonis
775 1143 818 1189 in
855 1144 1024 1196 enium,
1066 1159 1253 1199 morem,
1285 1146 1415 1187 ratio-

47 1215 158 1243 nem,
221 1200 336 1242 Nam
374 1200 478 1243 licet
516 1200 563 1242 in
604 1214 656 1242 eo
687 1158 875 1243 subinde
910 1199 1095 1243 tarditas
1127 1200 1343 1256 quaedam
1373 1209 1417 1244 et

47 1257 173 1312 quasi
202 1256 422 1300 lentitudo
453 1256 848 1311 animadvertatur,
891 1272 1002 1312 quae
1034 1264 1155 1300 caret
1184 1264 1312 1314 grata
1340 1258 1416 1300 illa

45 1314 278 1367 facilitate,
323 1329 452 1369 quam
495 1313 599 1356 alibi
639 1312 758 1369 apud
791 1313 1103 1370 philosophum
1133 1314 1413 1369 admiramur,

47 1378 192 1413 tamen
232 1371 302 1412 vel
341 1371 407 1413 sic
446 1386 536 1427 per·
563 1371 710 1412 omnia
744 1370 867 1427 viget
898 1386 1020 1413 mens
1053 1370 1270 1425 quaedam
1302 1371 1412 1415 divi-

44 1427 164 1482 nior,
206 1427 348 1482 qualis
392 1428 438 1469 in
480 1427 576 1470 aliis
614 1427 708 1469 eius
760 1427 935 1483 scriptis
985 1429 1205 1479 cernitur3
1256 1436 1413 1486 regnat

43 1485 148 1527 item
190 1499 403 1541 generosa
442 1499 671 1527 sensorum
699 1483 901 1538 celsitas,
942 1499 1054 1540 quae
1083 1485 1248 1527 fontem
1281 1485 1415 1529 habet

44 1541 234 1583 animum
273 1556 528 1598 magnarum
568 1556 712 1583 rerum
739 1540 1024 1584 meditatione
1053 1542 1294 1597 repletum;
1335 1543 1413 1586 do-

43 1598 234 1640 minatur
270 1598 461 1654 denique
500 1613 552 1640 ea
592 1597 808 1640 dictorum
852 1604 897 1640 et
927 1600 1220 1656 cogitatorum
1252 1615 1412 1643 conve-

43 1655 225 1709 nientia,
256 1655 372 1697 unde
401 1655 530 1698 facile
558 1654 778 1712 intelligas
821 1656 1014 1698 seribere
1043 1656 1131 1698 ista
1160 1672 1249 1698 non
1280 1657 1412 1700 alium

44 1712 242 1768 potuisse
273 1713 362 1754 nisi
400 1711 617 1754 hominem
650 1711 801 1754 divina
832 1712 1021 1768 quadam
1051 1713 1220 1770 ingenii
1248 1714 1412 1757 virtute

42 1768 303 1825 praeditum.
371 1769 468 1811 Nec
507 1784 612 1811 vero
653 1769 770 1812 inter
811 1775 956 1812 cetera
995 1770 1193 1813 Platonis
1245 1772 1413 1829 scripta

43 1825 171 1882 plane
211 1825 538 1879 desiderantur,
590 1841 702 1880 quae
751 1826 936 1869 similem
976 1827 1188 1871 orationis
1229 1829 1411 1871 formam

44 1888 176 1936 atque
217 1885 407 1939 speciem
446 1883 608 1924 referre
649 1882 886 1925 iudicanda
936 1884 1048 1938 sint,
1097 1890 1146 1926 ut
1185 1884 1411 1940 Philebus,

44 1938 281 1992 Politicus,
323 1939 554 1992 Timaeus,
595 1938 832 1981 dummodo
862 1940 1211 1994 meminerimus,
1251 1941 1332 1984 hos
1360 1942 1413 1984 li-

42 1996 145 2040 bros
176 2003 220 2038 et
247 1997 293 2038 in
325 1995 422 2038 aliis
451 1995 580 2037 rebus
610 1995 854 2038 tractandis
884 1997 1051 2041 versari
1082 2006 1127 2039 et
1155 1998 1241 2049 alia
1270 2004 1412 2042 aetat-e

43 2053 200 2096 litteris
231 2053 516 2109 consignatos
545 2066 658 2094 esse.

158 2110 252 2152 Iam
281 2124 385 2156 vero
416 2109 524 2151 haec
555 2108 703 2150 omnia
732 2108 770 2150 si
801 2109 1088 2166 probabiliter
1118 2126 1144 2153 a
1173 2112 1301 2154 nobis
1337 2126 1410 2153 ex—

44 2167 189 2226 posita
225 2173 352 2219 sunt,
404 2172 521 2208 certe
558 2165 668 2207 nihil
715 2165 901 2222 impedit
951 2167 1184 2223 quominus
1234 2166 1411 2211 dicendi

45 2239 183 2282 genus
244 2222 442 2281 Legibus
501 2222 725 2278 proprium
777 2224 952 2266 omnino
1006 2224 1182 2280 quidem
1229 2239 1410 2280 prorsus

45 2281 317 2324 Platonicum
357 2294 454 2322 esse
492 2279 620 2321 nobis
660 2281 1027 2335 persuadeamus,
1067 2288 1116 2324 ut
1154 2281 1275 2324 nulla
1304 2281 1410 2324 inde

45 2338 239 2394 suspicio
279 2336 334 2379 de
372 2336 618 2378 adulterina
652 2338 796 2394 operis
827 2338 996 2396 origine
1028 2338 1231 2381 ducenda
1260 2338 1408 2380 videa-

46 2403 130 2438 tur.
199 2395 300 2437 Hoc
338 2409 442 2436 vero
486 2409 621 2448 quum
660 2394 746 2436 iam
776 2410 855 2451 per
884 2410 930 2438 se
963 2410 1170 2452 magnum
1201 2394 1410 2450 quiddam

47 2452 128 2506 sit,
170 2457 261 2495 tum
303 2451 433 2493 etiam
472 2450 558 2492 alio
589 2451 763 2493 nomine
793 2451 850 2494 ad
876 2458 1153 2508 vpraesentem
1186 2452 1408 2505 quaestio-

48 2524 144 2551 nem
186 2514 253 2551 est
288 2508 419 2564 longe
458 2507 779 2564 gravissimum.
858 2508 1083 2553 Valebunt
1132 2509 1247 2550 enim
1296 2523 1406 2563 quae

48 2564 178 2607 modo
221 2564 542 2621 disputavimus
584 2565 716 2606 etiam
761 2579 838 2619 ec,
879 2572 927 2608 ut
969 2582 1082 2622 qua-e
1113 2564 1324 2620 deinceps
1352 2564 1405 2607 de

49 2622 240 2665 dictione
283 2622 427 2677 operis
467 2621 718 2676 singulatim
759 2621 1023 2677 explicanda
1063 2631 1192 2674 sunt,
1237 2622 1403 2664 facilius
