1644 2886
182 87 263 131 DE
297 82 572 128 LEGIBUS
607 81 724 123 [AB.
759 79 864 121 Vll.
903 77 949 118 P.
986 77 1080 118 815.
1116 76 1180 119 St.
1306 75 1386 115 367

46 208 135 265 μήν
169 224 244 263 μοι
282 203 418 264 ταύτῃ·
458 205 576 247 δοκεῖ
624 198 778 256 σχεδον
814 193 1079 254 ὀρθότατον
1113 190 1225 236 αὐτὸ
1263 191 1389 242 εἶναι,

45 278 176 332 χωρὶς
210 276 290 329 μὲν
326 271 591 325 πολεμικοῦ,
623 270 754 324 χωρὶς
790 267 835 308 δὲ
872 262 1096 339 ιειρηνικοῦΙ
1128 262 1297 311 θέντας
1333 265 1390 304 εὶ-

50 351 169 394 πεῖν,
204 358 262 392 ως
296 338 376 382 οὐκ
410 342 498 380 ἔστι
530 333 759 380 πολιτικὸν
794 333 927 376 τοῦτο
963 331 1042 382 τῆς
1076 326 1295 384 ὀρχήσεως
1342 328 1392 371 το

51 417 196 465 γένος,
241 408 450 451 ἐνταῦθα
498 406 542 447 δὲ
588 407 786 458 κείμενον
829 399 1052 447 ἐάσαντας
1098 398 1281 440 κεῖσθαι
1316 397 1397 441 νῦν

51 480 118 522 ἐπὶ
156 474 207 520 τὸ
245 470 482 529 πολεμικὸν
512 469 606 528 ἅμα
641 473 714 513 καὶ
752 463 992 525 εἰρηνικόν,
1023 462 1082 514 ὡς
1118 463 1399 523 ἀναμᾳιςβη-

52 547 193 598 τήτως
228 541 438 599 ἡμέτερον
473 537 539 590 ὅν,
575 542 819 582 ἐπανιέναι.-
870 532 933 577 Τὸ
969 530 1022 584 δὴ
1056 532 1136 584 τῆς
1169 530 1399 587 ἀπολέμου

56 610 254 663 Μούσης,
289 614 335 652 ἐν
370 605 573 664 ὀρχήσεσι
594 609 639 649 δὲ
679 603 782 655 τούς
809 619 855 646 τε
886 598 1027 649 θεοὺς
1064 616 1137 642 και
1174 599 1278 650 τοὺς
1314 601 1401 642 τῶν

54 681 178 724 θεῶν
216 679 381 726 παῖδας
419 676 570 730 τιμῶν,
608 678 654 716 ἓν
692 676 771 727 μὲν
808 671 983 726 ξύμπαν
1012 667 1199 722 yiyvoat'
1240 664 1299 710 ἂν
1336 672 1401 720 μ’

55 858 99 889 A.
130 854 170 887 Ω.
196 865 226 888 ν.
253 853 275 885 f.
300 853 333 884 h.
361 851 392 883 δ.
420 851 576 884 scribunt
601 849 649 882 Τὸ
682 848 718 880 δὲ
744 849 804 889 τῆς
827 847 932 879 «inni.
953 846 1006 878 Μ.
1034 843 1128 887 qnod
1155 844 1303 887 probant
1328 843 1402 877 Tu-

53 904 219 942 ricenses‚
243 900 364 933 Herm.
389 903 425 930 et
449 896 647 930 Schneider

145 947 302 984 παῖδας
328 943 482 987 τιμῶν]
512 944 572 976 Sic
598 942 680 975 Ald.
710 941 795 973 Lum
827 939 905 971 [388.
931 939 962 972 1.
994 938 1026 971 2.
1061 936 1163 971 codd.
1192 938 1233 970 Ξ.
1259 949 1290 969 v.
1317 937 1338 969 s.
1367 939 1399 971 h

55 1005 81 1028 r.
109 1005 140 1027 a.
168 1004 197 1025 c.
225 992 256 1025 δ’.
284 1004 315 1024 ο.
349 990 547 1031 Stephanus
581 989 676 1022 dedit
707 1001 741 1019 τι
748 998 884 1019 ιιωντων
891 1010 901 1025 ,

933 983 1047 1027 quod,
1081 983 1109 1015 si
1133 984 1214 1025 quid
1241 994 1282 1016 ex
1311 984 1400 1017 Bek-

56 1041 128 1075 keri
153 1038 291 1072 silentio
317 1037 430 1078 colligi
459 1037 559 1076 licet,
591 1036 623 1067 in
649 1035 693 1066 A.
718 1034 766 1065 Ω.
793 1043 823 1064 ιι.
816 1032 936 1073 'iisque
961 1030 1124 1071 scriptum
1151 1031 1342 1072 reperitur,
1370 1036 1403 1063 et

57 1091 234 1120 servatum
269 1085 371 1117 etiam
398 1093 418 1115 a
445 1081 660 1114 Schneidero
687 1086 751 1114 est.
803 1079 888 1111 Dein
914 1089 950 1110 ι.
978 1086 1007 1108 ι·
1036 1076 1059 1107 f.
1086 1086 1113 1107 r.
1139 1087 1168 1109 a.
1198 1087 1229 1110 c.
1256 1091 1286 1109 o.
1314 1075 1397 1120 ξύμ-

57 1147 126 1167 παν
150 1132 190 1165 τὸ
219 1133 327 1174 τιμῶν
350 1127 536 1173 οὐδετέρως
558 1126 702 1171 yi’yvon
727 1124 779 1157 ἅν.

60 1282 136 1306 ταις
165 1269 351 1312 ἑπομένας,
387 1265 428 1306 ἒς
458 1266 616 1312 Νύμφας
646 1265 701 1297 καὶ

60 1316 183 1353 Πᾶνας
206 1314 262 1347 καὶ
278 1313 450 1357 Σιληνοὺς
474 1327 502 1346 κ.
518 1327 549 1347 τ.
568 1315 596 1348 λ.
623 1313 700 1344 ἰπο·

60 1361 260 1404 νομιίζουσι,
285 1361 317 1393 in
345 1361 516 1403 mysteriis
541 1361 699 1392 usitatas.

60 1408 132 1441 Hic
177 1416 243 1440 non
290 1417 485 1440 sermonem
535 1417 615 1439 esse
658 1404 702 1437 de

61 1453 319 1487 Atheniensium
343 1454 493 1495 pompis,
517 1454 551 1486 in
578 1451 703 1493 quibus

61 1500 208 1542 virgines
240 1500 324 1532 talia
366 1509 535 1540 nunquam
578 1500 700 1531 saltas-

62 1551 156 1585 sent,
190 1544 251 1577 sed
278 1544 322 1577 de
348 1545 475 1578 Siculis
501 1550 535 1578 et
560 1545 702 1582 Italicis,

63 1601 151 1634 quas
186 1592 297 1623 oculis
337 1595 563 1634 usurpaverat
599 1591 700 1623 Plato

63 1641 97 1670 in
128 1637 459 1679 peregrinationibus
490 1637 583 1677 suis,
617 1647 700 1668 con-

62 1683 185 1717 firmari
243 1687 358 1725 potest
416 1693 458 1715 ex
505 1681 701 1723 Xenoph.

63 1730 183 1771 Symp.
219 1738 249 1761 c.
277 1729 307 1763 7.
335 1740 368 1772 p.
397 1730 475 1764 159.
510 1729 564 1762 ed.
595 1728 701 1761 Bach.

63 1776 120 1808 ubi
148 1775 314 1808 Socrates
340 1776 384 1807 ad
400 1775 702 1818 praestigiatorem

65 1821 339 1864 Syracusanum,
371 1822 426 1863 qui
457 1822 702 1854 saltatriculam

65 1867 98 1900 in
148 1866 341 1900 convivium
390 1867 570 1900 induxerat
609 1867 704 1899 miris

67 1912 349 1946 contorsionibus
366 1923 494 1968 corpus
518 1918 704 1951 rotantem,

67 1958 97 1991 εἰ
121 1957 266 2006 ὅρχοῖτο
291 1957 379 2000 πρὸς
404 1958 466 1991 τὸν
492 1957 600 1990 αυλόν
622 1956 704 1999 σχή-

67 2017 181 2048 ματα,
208 2007 261 2041 οἱς
286 2003 439 2048 Χάριτές
463 2016 499 2037 τε
525 2004 582 2036 καὶ
596 1998 707 2045 7,Ωιιιιιι

67 2049 123 2083 καὶ
146 2048 299 2092 Νυμφαι
322 2050 530 2094 γράφονται.
573 2052 706 2092 Aperta

69 2096 123 2130 hic
147 2097 276 2129 mentio
303 2097 525 2130 mulierculae
555 2097 707 2134 Siculae,

69 2142 228 2185 gestibus
268 2142 352 2176 deas
392 2143 480 2176 istas
519 2143 705 2185 pingentis.

69 2188 165 2222 idem
191 2194 337 2231 apparet
369 2199 412 2222 ex
448 2189 595 2232 epistola
620 2188 707 2231 Hip·

72 2233 230 2277 polochi,
263 2235 306 2268 ad
346 2236 460 2269 luxum
494 2235 705 2268 convivalem

72 2281 288 2314 Graecorum
325 2286 485 2325 tempore
519 2281 709 2315 Alexandri

74 2327 358 2370 cognoscendum
415 2329 571 2371 apprime
619 2328 708 2367 utili,

75 2383 178 2414 quam
193 2374 346 2407 servavit
368 2374 623 2408 Athenaeus
642 2374 707 2406 lv.

76 2418 110 2452 2.
134 2428 167 2460 p.
193 2418 271 2454 130.
302 2424 342 2452 Α.
374 2421 433 2454 ubi
470 2420 708 2455 vaenaeum

77 2463 114 2496 iu
136 2465 263 2507 nuptiis
287 2465 413 2499 Catani
444 2471 572 2500 canunt
603 2467 708 2499 salta-

78 2508 220 2542 triculae
262 2510 539 2556 διεσκευασμέναι
577 2511 712 2556 τρόπον

77 2554 275 2598 Νηρηίδων,
300 2558 336 2589 αἱ
356 2559 392 2591 δὲ
405 2559 486 2601 Νιμ
463 2562 574 2602 μφῶν.
608 2559 709 2591 Scili-

78 2604 136 2633 cet
159 2611 179 2634 e
204 2602 336 2644 pompis
357 2603 547 2646 Bacchicis,
571 2606 608 2637 in
632 2605 709 2647 qui-

80 2645 143 2678 bus
167 2648 402 2682 saltatriculas
426 2651 596 2686 eiusmodi
619 2651 710 2684 Dea·

80 2701 153 2725 rum
179 2703 359 2736 personam
382 2697 589 2732 sustinentes
604 2707 710 2740 saepe

771 1273 915 1297 cernere
953 1269 1007 1296 est
1049 1264 1079 1294 in
1129 1263 1222 1295 vasis
1260 1263 1407 1305 figulinis

771 1311 916 1350 Magnae
952 1310 1146 1347 Graeciae,
1183 1309 1226 1342 ad
1270 1309 1407 1342 theatra

769 1357 910 1399 Capuae
942 1361 977 1388 et
1010 1355 1088 1388 inde
1121 1355 1266 1388 Romam
1303 1358 1406 1389 etiam

767 1403 953 1442 transiere,
984 1403 1155 1435 communi
1182 1404 1274 1435 mim
1287 1413 1360 1435 aru
1373 1413 1404 1435 m

770 1450 909 1482 nomine
938 1449 1134 1491 insignitae.
1193 1449 1408 1481 insanierunt

769 1497 802 1528 in
844 1506 902 1528 eas
946 1495 1182 1528 Romanorum
1229 1506 1405 1538 proceres.

770 1543 902 1583 Ecquis
925 1542 1062 1583 ignorat
1078 1542 1322 1581 Arbusculam,
1348 1547 1408 1574 aut

770 1588 990 1630 Cytheridem
1011 1587 1202 1620 Αιιῐοιιίἰῖῐ·ί
1231 1588 1329 1621 Haec
1344 1589 1406 1631 igi-

770 1641 824 1668 tur
857 1634 1140 1677 ssfittigerus,
1179 1635 1230 1667 vir
1265 1636 1407 1668 immor-

769 1681 846 1714 talis
899 1681 1108 1718 memoriae,
1148 1681 1213 1715 cui.
1239 1682 1409 1714 vellemus

770 1738 871 1771 pares
911 1731 1028 1759 essent
1069 1726 1234 1769 philologi
1274 1728 1407 1762 novitii.

770 1774 826 1816 qui
854 1783 962 1815 nuper
988 1772 1032 1805 de
1057 1774 1188 1806 meritis
1218 1775 1292 1808 eius
1317 1774 1407 1806 indi—

770 1820 846 1862 gnis
899 1818 1011 1851 modis
1066 1818 1248 1853 detrahere
1295 1821 1409 1853 conati

772 1869 863 1898 sunt.

818 1911 864 1943 D.
916 1909 969 1942 Τὁ
1010 1910 1057 1951 δὴ
1085 1913 1159 1952 τῆς
1184 1908 1409 1953 ἀπολέμου

777 1955 956 1997 Μούσης
983 1955 1048 1998 -]
1082 1967 1220 1998 genus
1259 1957 1410 1990 Musae

775 2013 941 2035 sacrum
967 2003 1159 2043 imbelli,
1193 2003 1265 2036 sed
1299 2004 1408 2046 quod

776 2049 883 2082 deos
939 2048 1203 2091 deorumque
1257 2049 1410 2088 filios

775 2095 1110 2128 saltationibus
1134 2097 1245 2130 colit
1274 2098 1317 2129 et
1341 2096 1409 2130 ho-

776 2146 910 2174 norat.
967 2141 1060 2174 Male
1102 2147 1327 2187 correxerunt
1357 2157 1407 2175 τι-

775 2186 932 2231 μώντων,
970 2187 1061 2229 quod
1104 2193 1201 2221 extat
1240 2191 1343 2223 etiam
1378 2191 1410 2222 in

776 2234 878 2267 codd.
910 2234 1114 2275 quibusdam
1148 2246 1215 2269 non
1242 2246 1411 2278 spernen-

776 2280 840 2313 dis.
889 2279 977 2315 Nam
1010 2281 1120 2323 ipsum
1157 2281 1223 2324 hoc
1253 2282 1412 2315 saltatio-

777 2328 829 2359 nis
866 2337 974 2369 genus
1004 2327 1228 2369 describitur,
1264 2328 1413 2370 ideoque

778 2373 903 2406 dicitur
927 2375 1034 2416 τιμᾶν
1058 2373 1143 2411 τοὺς
1167 2372 1287 2412 θεούς.
1332 2375 1414 2407 Alia

776 2419 867 2452 foret
889 2420 959 2452 loci
986 2421 1176 2461 sententia,
1208 2421 1265 2454 nbi
1299 2421 1415 2455 verbis

777 2468 840 2507 τῆς
879 2464 1054 2507 ἀπολέμου
1098 2466 1247 2509 Μούσης
1289 2466 1414 2501 deinde

779 2516 1039 2553 opponerentur
1067 2510 1164 2545 llaec.
1191 2513 1226 2544 ἐν
1250 2511 1415 2557 ὀρχήσεσι

778 2558 813 2590 δὲ
837 2556 1041 2599 τιμώντων.
1092 2558 1225 2591 Dicitur
1250 2569 1332 2592 vero
1357 2564 1413 2592 to-

779 2609 850 2637 tum
883 2603 948 2636 hoc
978 2613 1089 2647 genus
1131 2615 1233 2638 unum
1265 2605 1414 2641 existere

780 2661 842 2691 eo,
883 2649 977 2692 quod
1018 2655 1224 2684 exerceatur
1260 2652 1295 2683 ἐν
1328 2651 1412 2697 δόξῃ

780 2709 840 2729 του
876 2695 1038 2740 πράττειν
1075 2690 1135 2739 εὖ,
1174 2698 1205 2732 ΙΙ.
1221 2709 1266 2733 ·.e
1307 2709 1411 2733 sensu

1423 192 1461 233 l)
