1644 2886
248 117 356 160 XLI
366 118 400 157 V
668 113 1092 158 PROLEGOMEN
1101 118 1136 156 A

248 229 344 271 silio
384 228 607 284 scriptoris
646 226 850 280 explicari
888 232 929 267 et
955 225 1160 267 illustrari
1186 225 1328 269 adhuc
1357 226 1564 268 debuerit.

249 284 441 326 Initium.
465 289 608 325 autem
645 280 803 338 dialogi
834 281 1020 336 itemque
1047 282 1293 338 progressio
1322 288 1452 337 atque
1480 280 1568 322 exi-

250 350 333 394 tus,
364 340 444 382 etsi
475 338 608 380 multa
643 342 743 378 sunt
772 337 1003 379 artificiose
1032 337 1308 393 interposita,
1347 353 1456 393 quae
1494 351 1571 392 per

248 397 464 452 longiores
490 393 689 449 ambages
715 392 871 435 (inicere
901 392 1138 446 videantur,
1168 400 1308 436 tamen
1338 393 1571 436 rectissime

248 467 342 494 sese
371 451 553 501 babent,
585 456 769 502 suntque
799 450 859 491 ita
885 457 1155 505 comparata,
1189 458 1239 491 ut
1267 450 1393 492 etiam
1411 450 1570 505 *singu-

249 508 350 549 laris
390 505 611 547 cuiusdam
647 505 862 547 sollertiae
900 505 1070 547 laudem
1098 512 1352 559 mereantur.
1411 505 1571 559 Quam-

252 578 376 617 quam
416 561 500 603 hoc
537 567 586 602 ut
615 567 729 603 recte
761 561 1058 617 perspiciatur,
1091 568 1465 604 teneaturnecesse
1488 570 1558 603 est

251 618 481 674 singularis
520 617 592 658 illa
630 618 824 659 Platonis
871 632 963 671 ars,
1004 618 1170 673 quadn
1216 618 1400 660 maxima
1436 631 1573 659 rerum

251 676 455 716 varietate
485 679 614 726 atque
643 673 769 728 copia
796 674 1003 716 sermonis
1039 688 1211 716 cursum
1242 676 1303 716 ita
1329 672 1574 716 moderatus

251 738 330 784 est,
360 736 410 772 ut
438 729 581 772 omnia
610 727 795 784 denique
823 730 868 771 in
895 744 1027 771 unum
1054 737 1259 785 tanquam
1288 744 1444 785 corpus
1474 743 1574 771 con-

252 787 398 828 iuncta
437 784 677 828 videantur.
742 785 906 828 Verum
944 784 997 827 de
1037 785 1118 828 hac
1157 800 1203 827 re
1241 786 1442 840 quoniam
1471 784 1575 826 satis
1620 804 1622 806 ·

252 842 413 885 dictum
453 848 519 884 est
556 849 683 884 antea
719 842 765 883 in
799 842 904 884 artis
943 841 1192 884 dialecticae
1239 841 1457 890 examine,
1506 840 1577 882 hic

253 906 368 941 certe
404 913 490 940 non
528 902 615 951 est,
654 913 739 939 cur¹
767 896 909 939 denuo
948 912 1224 954 exponamus.
1293 898 1578 953 Properamus

255 955 386 1011 igitur
425 954 480 995 ad
512 954 715 1006 alterurn,
764 952 879 1008 quod
920 952 1165 997 dicebamus
1209 953 1410 996 hocloco
1440 952 1485 994 in
1513 950 1576 993 di-

192 1049 194 1051 .
254 1011 564 1068 seeptationem
594 1009 834 1052 vocandum
865 1024 970 1052 esse.

311 1111 314 1113 ,
363 1066 481 1108 Fieri
511 1065 623 1108 enim
685 1072 811 1119 otest,
850 1074 898 1107 ut
926 1066 970 1107 in
1000 1065 1182 1122 singulis
1212 1066 1373 1107 crimen
1401 1063 1577 1105 inertiae

254 1129 298 1165 et
337 1122 626 1179 negligentiae
654 1083 852 1170 baereat,
900 1121 1066 1164 etiamsi
1101 1127 1240 1163 toturn
1278 1118 1578 1176 disputationis

254 1179 336 1220 iter
365 1179 455 1221 sine
482 1176 716 1220 offensione
746 1176 964 1233 procedat.
1023 1179 1169 1232 Atque
1206 1176 1290 1218 hoc
1317 1192 1363 1219 re
1393 1189 1494 1217 vera
1520 1174 1582 1216 ita

255 1250 303 1276 se
334 1234 517 1286 habere,
556 1248 643 1276 non
673 1233 843 1276 videtur
871 1239 988 1284 recte
1017 1233 1164 1275 neoari
1193 1247 1331 1288 posse.
1390 1231 1583 1273 Laborat

255 1291 366 1334 enim
406 1289 601 1346 dialogus
640 1289 710 1332 hic
732 1297 784 1332 -et
812 1289 899 1332 illic
927 1289 981 1332 iis
1009 1268 1360 1341 difficultatibus,
1398 1294 1448 1329 ut
1479 1301 1581 1328 neu-

256 1348 417 1402 tiquam
458 1345 654 1388 videatur
694 1346 750 1388 ad
797 1345 1035 1401 elegantiae
1084 1344 1257 1386 laudem
1303 1358 1442 1399 usque
1488 1355 1583 1384 esse

256 1402 511 1460 perpolitus.
579 1401 716 1447 Cuius
757 1401 992 1444 sententiae
1029 1401 1066 1443 si
1102 1415 1190 1455 qua
1229 1405 1481 1456 argumenta
1516 1413 1581 1440 re-

258 1460 504 1513 quirentur,
542 1458 611 1500 vel
651 1472 702 1500 ea
740 1458 894 1512 opinor
932 1457 1172 1510 sufficient,
1215 1469 1500 1511 quaeffsupra
1526 1453 1582 1495 de

257 1515 485 1557 dialectica
520 1528 658 1555 rerum
697 1513 954 1557 tractatione
985 1513 1271 1569 exposuimus.
1330 1512 1443 1553 Nam
1473 1525 1582 1565 quae

258 1571 428 1614 nomine
466 1569 715 1612 subtilitatis
753 1569 1003 1611 dialecticae
1039 1577 1242 1624 tanquam
1268 1582 1420 1610 manca
1450 1574 1494 1608 et
1521 1566 1582 1608 vi·

259 1628 370 1669 tiosa
399 1632 549 1668 notata
577 1632 701 1679 sunt,
731 1625 879 1667 eadem
918 1637 1032 1668 certe
1059 1624 1331 1667 manifestum
1362 1630 1427 1665 est
1455 1622 1583 1664 etiam

259 1682 314 1726 ad
363 1681 678 1738 impediendam
715 1687 789 1724 aut
837 1681 1069 1723 tollendam
1117 1680 1275 1736 dialogi
1322 1679 1585 1730 facilitatem,

260 1739 608 1796 perspicuitatem
657 1743 701 1779 et
738 1738 802 1780 ele
836 1738 995 1779 antiam
1044 1737 1200 1779 valere.
1280 1736 1398 1778 Sunt
1445 1741 1585 1776 tamen

260 1796 391 1838 etiam
426 1810 511 1836 non
557 1809 694 1850 pauca
730 1794 783 1836 de
845 1809 896 1835 oc
925 1808 1080 1849 genere
1110 1808 1246 1849 nuper
1275 1807 1300 1832 a
1329 1791 1489 1834 criticis
1518 1790 1583 1831 in-

260 1852 370 1894 iuria
408 1850 679 1906 reprehensa.
746 1849 963 1903 Quorsum
1000 1864 1198 1904 magnam
1235 1853 1400 1903 partem
1440 1861 1585 1888 eorum

261 1907 509 1959 referimus,
554 1921 662 1962 quae
701 1906 880 1963 protulit
909 1904 1164 1947 Zellerus
1193 1903 1318 1947 Stud.
1350 1903 1514 1944 Platon.
1544 1917 1585 1957 p.

261 1966 328 2007 57.
367 1978 461 2018 sqq.
522 1962 671 2005 Veluti
717 1961 833 2017 quod
870 1961 941 2003 ille
980 1977 1021 2016 p.
1052 1962 1118 2003 59.
1160 1959 1380 2002 contendit
1417 1973 1460 2013 p.
1491 1955 1604 1999 63⁶2!

263 2020 314 2062 Ε.
345 2034 438 2075 sqq.
474 2019 739 2062 fortitudinis
778 2024 822 2060 et
858 2017 1163 2072 temperantiae
1206 2015 1392 2057 rationes
1428 2019 1586 2056 temere

263 2075 466 2118 confusas
506 2089 626 2128 esse,
665 2073 711 2116 id
749 2079 899 2117 nostro
938 2072 1110 2128 quidem
1149 2070 1308 2114 iudicio
1346 2085 1372 2111 a
1409 2070 1587 2111 veritate

263 2131 476 2174 abhorret.
543 2131 639 2173 Nec
671 2130 785 2172 liibr.
817 2130 852 2172 I.
917 2163 925 2172 .
956 2132 1050 2171 655.
1081 2129 1135 2171 A.
1163 2128 1305 2183 inepte
1336 2125 1590 2181 interposita

265 2186 487 2240 videntur,
527 2201 638 2240 quae
667 2186 721 2229 de
751 2146 965 2228 coloriiius
991 2185 1035 2226 in
1066 2191 1156 2227 arte
1185 2182 1346 2225 musica
1373 2181 1588 2238 usurpatis

265 2242 484 2286 admonita
511 2248 626 2297 sunt,
657 2242 786 2284 sicuti
805 2242 898 2284 viro
917 2241 1166 2284 doctissimo
1194 2239 1332 2281 visum
1366 2244 1443 2280 est.
1503 2236 1589 2280 Sed

266 2300 446 2356 singulis
477 2298 588 2351 istis,
619 2313 728 2353 quae
765 2304 880 2340 certe
917 2297 1067 2340 melius
1096 2297 1140 2337 in
1169 2294 1496 2337 Commentariis
1525 2299 1589 2335 at·

265 2357 501 2412 tingentur,
529 2354 614 2397 hoc
641 2355 737 2397 loco
765 2353 1043 2407 transmissis,
1074 2367 1125 2394 ea
1153 2351 1320 2406 potius,
1352 2364 1462 2405 quae
1490 2356 1591 2392 sunt

268 2411 537 2469 generaliora
574 2416 616 2452 et
655 2411 918 2464 communia,
956 2407 1242 2465 exploravisse
1270 2406 1449 2448 iuvabit.
1506 2405 1589 2447 Re-

268 2466 499 2524 prehendit
544 2466 676 2523 igitur
714 2464 989 2509 Zellerus-
1015 2481 1054 2520 p.
1099 2464 1165 2506 58.
1205 2469 1344 2505 totum
1382 2460 1590 2505 sermonis

212 2539 216 2542 ’
270 2523 503 2577 exordium,
531 2530 759 2579 propterea
777 2522 895 2578 quod
912 2521 1083 2564 scenico
1117 2518 1277 2575 dialogi
1305 2523 1457 2560 ornatu
1487 2531 1590 2559 non-

271 2580 371 2622 dum
409 2579 516 2624 satis
554 2578 771 2634 descripto
790 2585 1013 2678 §romnus
1049 2575 1102 2618 de
1139 2575 1267 2617 rebus
1293 2574 1492 2617 civilibus
1519 2587 1589 2614 su·

272 2634 745 2693 scipiatur‘disputatio.
835 2634 1003 2678 imirum
1021 2638 1141 2686 optat
1159 2630 1244 2683 ille,
1277 2630 1388 2673 sicut
1406 2627 1588 2679 videtur,
