1592 2872
481 104 562 147 DE
595 101 874 146 LEGIBUS
908 108 991 144 etc.
1329 99 1399 141 IX

46 219 231 263 eundem
271 227 416 262 tamen
458 234 556 261 cum
595 218 797 275 populari
836 217 1045 274 religione
1085 215 1266 271 propius
1297 228 1398 256 con-

47 278 269 328 iunctum3
310 291 452 320 mores
489 291 621 332 porro
672 275 880 332 pristinos
923 280 966 317 et
1010 273 1211 316 instituta
1258 271 1400 327 patria

47 334 184 377 multa
212 333 353 376 voluit
377 333 541 377 servari
572 348 623 376 ac
651 331 851 383 retineri3
880 330 1071 387 denique
1090 328 1399 386 rempublicam

45 407 140 434 eam
181 390 438 448 descripsit,
482 405 595 446 quae
634 405 721 432 non
768 402 885 432 esset
926 389 1055 445 plane
1098 386 1337 430 abhorrens
1372 402 1398 427 a

46 449 233 506 legibus,
266 449 487 502 moribus,
520 446 751 503 disciplina
778 452 824 488 et
850 446 1064 488 institutis
1093 443 1257 486 dudum
1282 459 1399 487 com-

46 506 166 548 muni
197 519 281 547 usu
310 511 366 549 et‘
387 503 702 548 consuetudine
740 503 926 560 receptis
959 510 1091 558 atque
1121 502 1398 545 consecratis.

50 563 174 605 Haec
213 563 350 605 icritur
387 569 539 604 tenens
575 568 709 616 atque
749 561 878 602 etiam
903 561 948 602 in
977 558 1232 611 disserendo
1263 559 1398 616 respi-

49 620 169 662 ciens
207 599 491 676 pl'iilosophus
531 634 585 660 ne
621 618 760 661 voluit
798 616 974 673 quidem
1003 617 1133 659 altius
1166 615 1399 659 escendere

49 676 107 718 ad
146 692 289 719 rerum
327 675 593 730 divinarum,
639 675 694 718 ab
733 674 946 717 humanae
987 675 1101 716 vitae
1149 673 1399 716 conditione

51 734 353 787 remotiorum,
404 733 704 788 quaestionem
744 738 821 774 aut
867 731 1206 788 expositionem,
1249 746 1399 773 verum

49 790 157 832 satis
188 790 341 832 habuit
369 790 414 831 in
443 790 614 847 vulgari
652 789 866 846 sapientia
896 790 1078 845 eiusque
1109 788 1399 843 explicatione

47 847 299 901 subsistere,
319 854 440 889 ratus
458 847 660 889 nimirum
679 847 917 901 verissime,
941 844 1284 889 succurrendum
1304 860 1399 888 esse

46 904 183 961 ipsius
210 904 326 946 vitae
356 904 596 947 rationibus
627 911 759 959 atque
789 903 872 947 hoc
902 903 1144 961 agendum,
1177 910 1226 944 ut
1256 903 1401 945 omnia

48 977 178 1016 quam
209 961 408 1003 facillime
438 967 621 1018 possent
648 961 706 1003 ad
723 977 992 1004 communem
1022 961 1243 1003 hominum
1272 975 1399 1016 usum

47 1018 269 1060 transferri
301 1024 343 1060 et
371 1019 704 1062 accommodari.
766 1019 878 1060 Nam
905 1034 1033 1062 verae
1064 1018 1254 1060 civitatis
1285 1018 1399 1060 eius-

49 1090 132 1131 que
172 1075 513 1131 perfectissimae
551 1076 749 1133 exemplo
798 1077 930 1118 etiam
969 1076 1086 1118 veris
1127 1075 1395 1128 civitatibus,

49 1132 200 1188 quales
230 1133 362 1189 vulgo
395 1133 670 1186 haberentur,
703 1133 912 1190 prodesse
942 1133 1094 1176 voluit.
1155 1132 1288 1186 Quod
1318 1132 1399 1190 igi-

49 1198 120 1232 tur
159 1188 371 1231 Cicero
426 1191 472 1232 in
507 1191 705 1248 Legibus
744 1191 835 1233 suis
878 1197 1092 1245 sequutus
1135 1196 1225 1244 est,
1262 1196 1312 1232 ut
1354 1190 1399 1231 in

50 1246 333 1302 popularibus
374 1248 507 1290 rebus
560 1247 831 1304 explicandis
863 1248 992 1290 etiam
1032 1247 1285 1302 loqueretur
1320 1262 1400 1304 po-

49 1303 269 1360 pulariter,
300 1303 414 1346 idem
434 1303 560 1346 Plato
592 1320 766 1360 quoque
795 1306 953 1348 fecisse
983 1304 1223 1347 existimari
1254 1303 1400 1359 debet,

48 1361 122 1416 qui
161 1360 497 1416 prudentissime
536 1361 791 1417 disputandi
835 1377 976 1419 genus
1018 1377 1116 1404 cum
1151 1377 1297 1404 rerum
1327 1377 1400 1404 ex-

48 1417 343 1474 plicandarum
399 1419 566 1461 ratione
622 1419 867 1462 consentire
915 1426 1116 1476 oportere
1173 1418 1399 1461 iudicavit.

49 1474 323 1530 Quamquam
359 1475 431 1517 ille
461 1476 532 1519 vel
562 1477 626 1519 sic
656 1492 707 1519 eo
739 1476 870 1519 modo
900 1476 1166 1533 disputavit,
1197 1483 1250 1518 ut
1277 1476 1400 1534 inge-

49 1533 110 1574 nii
148 1533 215 1574 sui
259 1532 521 1576 documenta
569 1534 817 1577 exhibuerit
853 1534 1213 1577 luculentissima.
1283 1534 1400 1576 Nam

48 1590 94 1631 in
122 1589 175 1632 iis
206 1588 380 1644 quidem
412 1591 583 1648 Legum
623 1592 835 1648 partibus,
867 1607 980 1647 quae
1009 1592 1175 1634 ferrent
1203 1590 1400 1633 dialecti-

49 1661 142 1689 cam
201 1646 555 1704 explicationem,
631 1663 892 1704 quamquam
944 1649 1188 1705 disputavit
1237 1655 1401 1704 quanta

48 1703 233 1745 maxima
273 1705 418 1760 potuit
457 1720 554 1748 cum
594 1706 894 1762 simplicitate,
931 1706 1067 1749 veluti
1095 1707 1140 1748 in
1168 1706 1293 1749 libris
1323 1706 1401 1748 tri-

48 1761 131 1803 bus
183 1761 404 1817 prioribus
451 1778 503 1805 ac
541 1763 652 1806 libro
695 1763 888 1818 decimo,
927 1770 1075 1806 tamen
1113 1764 1218 1806 satis
1271 1769 1400 1806 acute

49 1817 355 1874 eleganterque
393 1819 614 1863 disseruit.
674 1821 786 1865 Aliis
826 1830 971 1864 autem
1008 1821 1117 1863 locis
1147 1821 1278 1864 missa
1306 1820 1400 1871 dia-

49 1874 205 1916 lectica
234 1874 553 1931 disceptatione
582 1877 918 1934 prudentissime
937 1878 1059 1936 gravi
1091 1885 1135 1920 et
1164 1878 1402 1935 magnifica

51 1945 158 1973 usus
196 1945 292 1974 esse
321 1934 535 1987 reperitur
575 1935 794 1989 oratione,
825 1943 876 1977 ut
905 1951 1039 1990 quum
1070 1936 1399 1991 temperantiae,

50 1987 242 2029 iustitiae
292 1996 424 2043 atque
471 1991 649 2046 pietatis
696 1992 842 2034 officia
886 1992 1038 2034 laudat
1089 2000 1133 2033 et
1181 2007 1400 2034 commen-

52 2045 152 2099 dat,
181 2043 226 2085 id
257 2045 375 2099 quod
404 2045 456 2088 fit
482 2047 692 2102 imprimis
726 2049 770 2090 in
799 2050 1034 2105 prooemiis
1064 2048 1166 2104 illis,
1198 2064 1309 2104 quae
1338 2049 1399 2092 le-

50 2100 177 2166 gibus
215 2104 307 2144 suis
348 2117 481 2157 quum
530 2105 746 2148 universis
784 2114 877 2149 tum
921 2106 1107 2164 singulis
1162 2106 1397 2162 praemisit.

50 2158 265 2200 Nimirum
306 2160 415 2203 istos
454 2161 574 2204 locos
606 2168 736 2218 atque
766 2164 874 2207 alios
904 2163 1115 2219 quosdam
1146 2164 1308 2206 similes
1337 2164 1399 2207 le-

52 2229 157 2281 gens
191 2215 324 2263 durus
351 2217 410 2260 sit
439 2219 635 2274 protecto
666 2235 716 2262 ac
745 2236 882 2277 prope
911 2222 1078 2264 ferreus
1106 2235 1285 2264 necesse
1317 2229 1397 2276 est,

52 2287 126 2327 qui
154 2287 242 2314 non
271 2280 479 2329 protenus
510 2277 684 2330 sentiat,
715 2278 760 2319 in
782 2293 947 2321 summa
967 2279 1069 2333 ista,
1100 2293 1210 2333 quae
1236 2279 1282 2320 in
1312 2279 1398 2322 Le—

51 2329 179 2395 gibus
222 2329 490 2387 dominatur,
522 2333 828 2390 disputationis
858 2336 1135 2392 simplicitate
1174 2342 1305 2391 atque
1334 2343 1398 2379 te-

52 2393 217 2429 mutate
236 2395 382 2430 tamen
404 2389 551 2447 vigere
573 2391 676 2433 item
706 2407 878 2435 sensum
910 2392 1125 2449 quendam
1155 2393 1399 2436 sublimita-

55 2443 113 2486 tis
143 2458 194 2486 ac
222 2447 588 2502 magnanimitatis
616 2449 744 2505 plane
774 2449 1085 2504 admirabilem,
1119 2451 1194 2505 qui
1222 2451 1399 2508 egregie

54 2507 327 2557 comparatus
355 2503 414 2545 sit
445 2504 501 2547 ad
529 2505 726 2548 homines
758 2507 886 2550 etiam
909 2507 1148 2550 mediocres
1171 2508 1285 2549 ultra
1304 2507 1398 2549 vul-

54 2571 199 2621 garem
233 2559 349 2602 vitae
380 2560 665 2605 humilitatem
695 2564 966 2608 extollendos
997 2571 1041 2607 et
1071 2565 1281 2607 maiorum
1310 2565 1398 2607 cel-

53 2628 214 2656 srorum
246 2630 301 2657 ue
337 2633 478 2661 rerum
517 2621 718 2668 sensibus
756 2628 800 2663 et
827 2623 1170 2679 cogitationibus
1204 2622 1400 2665 imbuen-

55 2669 145 2712 dos.
260 2674 429 2717 uocirca
471 2678 692 2732 popularis
734 2693 835 2720 sane
883 2680 1095 2735 sapientia
1138 2685 1228 2732 est,
1270 2695 1401 2734 quam
