1644 2886
231 66 311 109 DE
346 63 622 108 LEGIBUS
655 62 772 106 1213.
807 63 884 105 VI.
916 63 962 105 P.
997 63 1089 104 766.
1122 61 1184 106 St.
1341 62 1415 103 167

72 189 279 242 ὄιᾳίῐαις,
327 183 407 227 οὐκ
442 182 500 224 ἄν
537 198 645 226 ποτε
682 180 835 232 ἱκανὸς
869 188 1038 233 γένοιτο
1074 182 1168 233 περὶ
1209 178 1288 232 τὴν
1325 181 1414 222 τῶν

69 257 248 296 δικαίων
283 256 446 307 κρίσιν·
483 243 545 292 ὧν
579 254 703 294 ἕνεκα
741 250 840 294 οὗτε
875 247 1065 298 πολλοὺς
1083 247 1219 298 ὄντας
1252 246 1411 303 ῥᾴδιον

68 314 114 364 εὖ
160 320 347 372 δικάζειν
394 317 494 361 οὔτε
543 317 718 372 ὀλίγους
751 316 960 376 φαύλους.
997 318 1136 373 σαφὲς
1170 317 1216 358 δὲ
1250 314 1319 358 ἀεὶ
1355 314 1406 358 τὸ

68 387 484 445 άμᾳιςβητούμενον
524 386 662 440 χρεών
697 388 932 440 γίγνεσθαι
969 383 1074 439 παρ’
1116 388 1342 436 ἑκατέρων,
1378 381 1403 426 ὁ

68 459 113 497 δὲ
146 455 310 510 χρόνος
353 451 448 508 ἅμα
498 455 571 507 καὶ
615 453 664 494 τὸ
700 451 844 507 βραδὺ
883 452 931 494 to'
971 468 1012 494 τε
1049 451 1262 500 πολλάκις
1295 449 1407 494 ἁνα-

66 527 228 575 κρίνειν
264 519 376 575 πρὸς
409 520 458 563 τὸ
496 519 699 578 φανεράν
735 523 970 572 γίγνεσθαι
1015 518 1094 570 τὴν
1129 517 1407 576 ἀμφιςβήτη-

0 614 1 620 1
65 605 135 632 σιν
169 590 413 647 ξύμφορον.
449 580 510 629 ὧν
545 591 667 630 ἕνεκα
697 589 874 641 πρῶτον
909 590 988 640 μὲν
1026 591 1084 635 εὶς
1118 590 1319 639 γείτονας
1353 591 1406 630 ia·

67 721 207 753 stituere
232 730 297 752 non
322 719 565 750 dubitavimus.
615 718 788 750 Omittunt
820 727 895 749 cum
930 722 1010 748 vett.
1038 716 1135 748 editt.
1163 718 1265 749 etiam
1292 718 1410 760 nuperi

67 767 291 851 edmlmmes
314 809 357 842 δὲ
381 806 444 842 ἀεὶ
471 807 516 841 ιὸ
542 806 736 862 ἀμφέσβ]
764 809 928 851 Ste⁹¹¹⁸¹¹·
955 812 1093 851 Pffleffl
1118 808 1218 841 fidem
1248 808 1405 842 ⁰⁰d⁵⁰¹¹¹¹¹

65 859 286 903 plurimorum
315 855 424 896 σαφὲς
448 854 489 898 δὴ
516 855 594 899 τόγε
618 868 701 897 αμφ.
735 866 836 898 qnam
865 856 1047 889 lectionem
1079 855 1152 887 vat.
1184 852 1221 886 Ω.
1250 860 1284 887 et
1311 855 1403 888 Flor.

63 915 148 938 a--c.
176 905 206 936 in
234 913 338 946 marg.
367 906 562 935 annotatam
591 903 724 936 liabent.

45 1018 240 1050 ⁴dicandam
283 1016 417 1049 delecti.
472 1016 522 1049 De
553 1021 698 1057 utroque

63 1073 191 1105 genere
238 1074 267 1094 v.
310 1061 697 1095 Hudtwalckcr:

66 1109 212 1142 Ueber
246 1109 313 1140 die
349 1108 638 1141 ofsentlichen
665 1119 696 1140 u.

66 1153 698 1188 Privat-Schiedsrichter-Di-

65 1206 244 1234 aeteten
300 1202 339 1232 in
396 1199 545 1233 Athen.
593 1200 698 1239 Jena‚

67 1247 168 1282 1812.
193 1246 226 1282 8.

115 1287 172 1325 ὧν
207 1292 328 1324 ἕνεκα
370 1289 473 1323 οὔτε
515 1289 698 1323 πολλοὺς

67 1339 132 1382 —-]
182 1338 485 1380 Quapropter,
532 1338 697 1370 sicuti

66 1394 144 1418 non
177 1384 311 1416 facile
342 1384 469 1416 multi
502 1385 608 1416 bene
632 1385 696 1416 ius

64 1431 214 1464 dicere
261 1435 466 1472 possunt,
516 1430 573 1462 ita
622 1440 698 1463 nec

64 1475 439 1519 pauci‚⁸iquidem
466 1475 577 1509 adeo
602 1482 699 1508 sunt

64 1524 228 1566 inepti,
259 1527 302 1554 ut
335 1532 414 1554 non
451 1523 574 1564 plura
599 1533 698 1564 pos-

64 1570 153 1602 sint
193 1569 300 1610 ipsis
337 1568 617 1610 litigantibus
662 1569 697 1600 in

64 1615 245 1648 medium
273 1613 451 1647 afferre.
487 1615 696 1648 Haecnobis

64 1662 199 1694 videtur
231 1671 308 1694 esse
339 1661 585 1694 sententiarum
616 1672 695 1693 coii-

61 1708 165 1741 nexio
199 1711 232 1741 et
270 1707 484 1739 consecutio.
533 1707 604 1740 Alii
635 1710 697 1740 ali—

63 1759 125 1786 ter.
176 1754 226 1786 De
251 1750 330 1785 οὕιε
357 1771 394 1776 -
423 1750 505 1796 οὔτε
529 1754 574 1786 ita
596 1764 695 1786 usur·

61 1805 144 1842 pato
169 1810 226 1831 res
248 1800 282 1832 in
307 1799 428 1839 vulgus
452 1804 544 1832 nota.

109 1868 150 1899 E.
184 1863 281 1909 παρ’
306 1866 537 1910 ἑκατέρων]
562 1857 693 1901 utrin-

64 1923 163 1954 que,
213 1914 262 1945 ab
303 1916 485 1956 utruque
524 1915 688 1956 litigan—

65 1960 167 1992 tium
193 1963 327 2002 parte.

110 2021 167 2059 ὦν
191 2027 320 2060 ἕνεκα
345 2030 508 2072 πρῶτον
531 2028 602 2070 μὲν
631 2030 694 2071 -]

65 2075 116 2107 De
164 2078 257 2114 toto,
306 2077 365 2117 qui
400 2076 572 2118 sequitur,
619 2077 696 2109 loco

64 2120 157 2153 Car.
197 2120 263 2153 Fr.
301 2121 574 2155 Hermannus
607 2123 626 2154 Ι.
665 2132 693 2154 c.

66 2166 117 2199 De
142 2166 294 2208 vestigiis
324 2168 485 2201 institutt.
518 2179 550 2211 p.
577 2166 623 2202 44
647 2178 696 2210 sq.

65 2211 172 2251 „Res
209 2212 388 2246 iudiciaria
426 2215 535 2257 (apud
577 2214 695 2247 Plato-

64 2259 159 2300 nem]
199 2259 279 2292 licet
317 2261 349 2293 in
380 2262 499 2294 multis
535 2261 695 2303 gravissi-

65 2305 198 2345 misque
235 2305 339 2338 rebus
375 2317 519 2349 prorsus
554 2307 596 2339 ab
631 2317 694 2338 usn

66 2349 196 2382 forensi
215 2350 473 2386 Atheniensium
500 2352 698 2392 abhorreat,

67 2399 180 2428 tamen
203 2400 361 2431 nonnulla
376 2400 493 2439 habet,
521 2401 552 2431 in
576 2400 698 2442 quibus

68 2439 286 2485 plano-ophn-
323 2454 389 2477 non
423 2447 533 2479 minus
566 2445 698 2488 patriae

69 2495 201 2519 memor
234 2489 342 2522 tuisse
378 2492 555 2529 videatur,
593 2501 695 2534 quam
724 2489 727 2493 ’

69 2531 169 2564 nobi·
198 2533 387 2576 legentibus
422 2541 615 2571 Atticorum
648 2538 696 2570 in·

68 2578 265 2612 stitutorum
297 2579 491 2618 recordatio
526 2589 695 2618 occurrat.

70 2626 184 2665 Atque
223 2624 259 2657 id
294 2626 424 2670 ipsum,
472 2631 563 2674 quod
601 2631 700 2673 quasi

69 2667 196 2712 gradus
228 2670 395 2713 quosdam
423 2676 622 2711 iudiciorum
647 2677 697 2710 fa-

768 1017 814 1047 cit
843 1014 898 1047 Vl.
915 1026 948 1057 p.
965 1014 1042 1049 767.
1062 1014 1103 1047 B.
1121 1014 1200 1049 956.
1218 1013 1272 1053 C.‚
1301 1014 1404 1048 Athe-

768 1071 829 1093 nas
854 1071 918 1093 nos
933 1061 1090 1100 remittit,
1116 1060 1172 1093 ubi
1199 1066 1229 1093 et
1257 1061 1402 1102 primum

767 1103 942 1140 omnium'
975 1106 1188 1148 provocandi
1242 1108 1403 1141 solatium

766 1154 932 1196 originem
974 1153 1135 1186 habuisse
1176 1153 1325 1194 videtur,
1369 1159 1404 1186 et

767 1205 889 1242 postea
914 1209 1065 1242 quoque,
1089 1209 1193 1241 quum
1209 1199 1401 1240 Helia-stae,

766 1247 821 1288 qui
855 1246 920 1288 ipsi
949 1247 1027 1279 olim
1064 1256 1084 1277 a
1111 1245 1242 1278 Solone
1275 1256 1402 1288 provo—

765 1292 939 1325 cationum
983 1296 1111 1324 tantum
1145 1302 1266 1324 caussa
1302 1293 1400 1325 insti-

766 1339 829 1370 tuti
854 1343 964 1378 erant,
990 1337 1137 1371 solemni
1161 1348 1256 1371 more
1280 1349 1402 1372 omnes

765 1394 906 1416 caussas
951 1397 971 1416 a
1009 1384 1267 1426 magistratibus
1315 1386 1401 1418 iudi-

765 1430 892 1463 candas
931 1432 1147 1473 acciperent,
1195 1435 1310 1464 tamen
1358 1442 1402 1465 ne

764 1476 880 1510 statim
915 1478 946 1509 in
972 1486 1135 1520 supremo
1158 1476 1283 1510 iudicio
1310 1479 1400 1520 peri-

764 1523 952 1556 clitandum
979 1528 1088 1561 esset,
1124 1524 1247 1556 arbitri
1273 1525 1402 1557 consti-

765 1570 830 1601 tuti
863 1574 962 1609 sunt,
994 1570 1049 1612 qui
1087 1569 1169 1602 licet
1192 1570 1403 1612 initiointer

764 1616 924 1649 volentes
948 1622 1080 1649 tantum
1110 1616 1165 1648 ius
1190 1616 1323 1650 dixisse
1348 1619 1401 1649 vi—

763 1662 924 1703 deantur,
947 1661 1036 1696 adeo
1063 1663 1224 1704 paulatim
1250 1663 1399 1697 invalue-

763 1713 858 1746 runt,
884 1713 921 1741 ut
946 1709 1019 1742 sere
1045 1709 1125 1741 nihil
1154 1709 1248 1750 prius
1263 1709 1308 1742 ad
1322 1709 1397 1743 He-

763 1755 881 1788 liastas
911 1765 1015 1795 quam
1041 1755 1084 1787 ad
1110 1756 1259 1788 arbitros
1284 1756 1395 1789 defer-

763 1806 857 1833 retur
881 1801 1008 1841 (Poll.
1039 1801 1127 1835 Vlll.
1146 1801 1261 1843 126.);
1286 1812 1397 1845 neque

763 1847 848 1879 alios
867 1847 1002 1880 Platoni
1028 1852 1106 1880 ante
1131 1849 1250 1880 oculos
1276 1848 1394 1889 fuisse,

763 1895 837 1934 ipso
868 1891 1044 1935 διαιτητῶν
1078 1894 1214 1925 nomine
1238 1900 1394 1936 apparet,

762 1949 832 1980 quo
859 1941 888 1971 in
915 1938 1187 1981 primoiudicum
1205 1941 1311 1981 gradu
1337 1941 1396 1973 de-

763 1985 928 2020 siquando
953 1983 1139 2018 identidem
1159 1985 1280 2026 utitur3
1306 1988 1395 2020 conf.

766 2030 873 2073 Legg.
909 2030 990 2064 XII.
1020 2042 1051 2073 p.
1084 2031 1163 2066 956.
1197 2031 1234 2063 C.
1270 2033 1331 2067 ΧΙ.
1363 2044 1395 2075 ρ.

763 2077 843 2112 920.
870 2078 910 2109 Ι).
967 2078 1114 2119 Reliqua
1147 2079 1232 2111 satis
1263 2077 1396 2111 diversa

765 2133 860 2162 esse,
907 2122 1010 2156 facile
1060 2123 1233 2165 concedo;
1286 2135 1396 2167 neque

765 2171 854 2202 enim
892 2175 952 2202 aut
995 2169 1076 2202 illud
1124 2171 1279 2204 Atticum
1332 2178 1396 2208 est,

763 2215 855 2257 quod
880 2215 1029 2249 arbitros
1053 2215 1134 2258 hos,
1159 2227 1248 2259 quos
1269 2218 1302 2250 in
1328 2220 1396 2259 pri—

765 2272 822 2294 mo
852 2262 960 2304 gradu
1001 2263 1196 2303 constituit,
1235 2274 1398 2307 compro-

765 2309 940 2341 missarios
966 2319 1043 2341 esse
1067 2311 1148 2347 vult,
1173 2309 1264 2342 unde
1292 2310 1398 2343 Athe-

765 2354 816 2386 nis
840 2355 1119 2396 provocationem
1138 2356 1264 2388 nullam
1290 2357 1398 2389 fuisse

765 2404 917 2440 constan
949 2404 1009 2432 aut
1044 2401 1146 2441 illud,
1183 2402 1274 2442 quod
1303 2407 1398 2436 sorte

766 2449 902 2479 creatos
935 2456 977 2479 ex
1009 2446 1214 2488 tribulibus,
1252 2448 1310 2489 qui
1341 2459 1397 2481 se-

766 2491 911 2525 cundum
935 2492 1078 2535 gradum
1104 2497 1234 2534 tenent,
1260 2499 1312 2527 tot
1336 2504 1398 2528 nu-

767 2548 862 2571 mero
894 2538 988 2570 iubet
1020 2549 1120 2578 esse,
1151 2545 1189 2572 ut
1219 2550 1339 2573 omnes
1363 2541 1395 2573 in

766 2584 910 2625 aliquam
936 2584 1108 2617 iudicandi
1140 2590 1272 2626 partem
1299 2587 1394 2620 veni·

767 2635 836 2671 ant,
862 2630 971 2673 Legg.
996 2631 1058 2663 VI.
1082 2641 1112 2672 p.
1131 2631 1208 2667 768.
1234 2631 1274 2665 B.
1300 2643 1392 2667 sum-

770 2686 861 2710 mum
900 2675 1047 2719 denique
1083 2677 1227 2719 gradum
1261 2683 1390 2714 tantum

1444 396 1481 438 E
