1644 2886
243 91 403 134 XVIII
661 90 1133 133 PROLEGOMENA

245 210 322 244 est.
390 203 456 243 Ibi
497 217 598 243 vero
629 201 836 243 institutis
877 199 1149 244 Doriensium
1189 202 1243 243 ad
1273 204 1564 247 fortitudinem

245 259 500 312 comparatis
540 264 756 309 tamquam
796 270 818 297 e
859 256 1033 311 regione
1064 258 1299 300 collocatur
1325 260 1565 302 institutum

247 313 461 368 quoddam
499 312 848 364 Atheniensium,
881 327 966 366 quo
997 329 1128 367 quum
1159 314 1382 357 adiuvetur
1412 317 1565 358 civium

245 369 549 425 temperantia,
588 374 678 408 tum
706 368 835 409 etiam
866 368 950 408 alia
977 369 1200 412 commoda
1228 369 1459 413 afferantur
1485 374 1566 413 rei-

247 425 457 481 publicae,
488 423 569 464 hoc
601 429 689 477 est,
728 438 836 465 mos
872 427 1340 479 compotationum
1371 429 1441 482 (p.
1471 429 1566 469 641.

245 482 376 535 sqq.).
445 479 618 534 Quippe
655 481 978 535 temperantiam
1016 481 1295 537 philosophus
1325 484 1416 525 vult
1446 483 1566 525 efflo-

247 551 414 578 rescere
450 535 572 589 quasi
609 550 660 576 ex
699 535 833 577 libera
861 535 1044 589 quadam
1074 537 1301 579 affectuum
1329 545 1372 580 et
1402 539 1570 594 cupidi-

245 593 382 633 tatum
412 590 724 633 moderatione:
756 607 807 632 ex
839 607 923 645 qua
953 593 1081 634 etiam
1112 593 1242 647 quid
1270 594 1357 636 lex
1386 595 1462 636 sit
1489 610 1568 650 pu-

250 648 360 689 blica
399 646 640 689 declaratur
672 648 704 688 I.
737 664 775 703 p.
806 648 899 688 644.
930 648 986 689 D.
1046 649 1335 702 Quamobrem
1364 657 1568 706 protenus

248 703 438 745 defertur
481 704 616 745 oratio
665 703 718 744 ad
770 705 1077 758 temperantiae
1128 707 1350 760 omnisque
1399 707 1570 748 virtutis

250 759 540 814 disciplinam,
582 774 690 813 quae
730 773 809 814 ope
850 760 1035 802 musicae
1074 767 1117 802 et
1145 762 1288 816 poesis
1318 763 1467 804 nititur
1497 762 1571 803 ad-

249 816 403 856 iunctis
441 814 582 856 choris
618 821 661 856 et
689 815 1001 858 saltationibus.
1059 816 1201 859 Huius
1232 824 1374 859 autem
1401 819 1466 859 vis
1497 834 1571 874 po-

251 873 363 913 nitur
405 871 454 922 in⁴
487 886 562 923 eo,
603 877 652 912 ut
694 871 936 925 voluptates
984 872 1239 927 doloresque
1277 874 1486 915 moderari
1524 889 1573 914 ac

250 941 398 983 regere
436 927 674 982 possimus,
714 941 798 980 quo
837 928 1027 970 facilius
1055 943 1164 982 quae
1202 929 1441 985 expetenda
1488 930 1575 971 sint

251 983 396 1038 sequi,
436 989 480 1024 et
510 997 620 1037 quae
648 983 735 1025 sint
763 980 993 1041 fugienda,
1032 984 1179 1040 fugere
1217 1000 1573 1034 consuescamus3

234 1055 305 1081 >ex
343 1053 461 1093 qua,
493 1054 623 1093 quum
659 1039 770 1080 ratio
811 1048 852 1080 et
890 1040 1025 1081 libera
1054 1041 1184 1082 animi
1212 1042 1401 1083 assensio
1432 1056 1574 1084 acces-

253 1096 371 1148 serit,
402 1095 582 1136 virtus
612 1094 863 1136 efflorescat.
903 1097 1114 1150 Apertum
1135 1103 1202 1138 est
1219 1097 1352 1153 igitur
1368 1097 1576 1139 hactenus

252 1153 339 1193 iam
379 1150 614 1206 descriptas
653 1165 746 1192 esse
789 1150 895 1193 duas
932 1152 1112 1194 virtutes
1142 1152 1260 1205 illas,
1302 1168 1409 1207 quas
1446 1169 1578 1208 supra

255 1207 435 1249 vidimus
464 1221 568 1262 prae
597 1206 750 1249 ceteris
779 1207 973 1249 omnibus
1003 1208 1163 1262 requiri
1192 1208 1247 1249 ad
1273 1209 1473 1251 virtutem
1501 1224 1579 1266 po-

254 1264 443 1319 pularem
471 1277 650 1317 eamque
672 1262 859 1311 civilem
892 1278 1001 1316 quae
1030 1279 1141 1305 unae
1169 1265 1350 1306 maxime
1380 1266 1506 1306 etiam
1535 1265 1578 1305 in

254 1319 408 1362 Politia
437 1320 684 1360 tribuuntur
710 1319 969 1373 reipublicae
999 1319 1274 1374 custodibus,
1317 1320 1390 1374 qui
1426 1321 1578 1362 incolis

256 1375 441 1418 civitatis
480 1375 523 1415 in
563 1374 756 1430 Legibus
801 1374 1052 1416 informatae
1092 1376 1180 1417 fere
1220 1377 1420 1431 aequales
1466 1383 1578 1419 sunt.

256 1436 373 1487 Apte
401 1445 503 1472 vero
534 1437 578 1472 et
606 1437 927 1485 peropportune
956 1431 1308 1474 liberalioris
1349 1433 1580 1474 institu-

256 1487 439 1529 tionis
479 1501 536 1527 ac
578 1486 922 1542 disciplinae
959 1488 1101 1529 ratio
1136 1487 1248 1530 inde.
1273 1504 1298 1529 a
1328 1504 1369 1544 p.
1401 1491 1496 1531 655.
1526 1490 1579 1530 A.

259 1544 375 1586 Libr.
407 1542 464 1584 II.
495 1542 736 1583 declaratur
765 1543 849 1596 sic,
881 1548 930 1583 ut
955 1543 1131 1599 copiose
1161 1543 1213 1585 de
1252 1545 1580 1586 saltationi-

258 1602 358 1642 bus
389 1606 443 1641 et
472 1598 693 1640 choreis
724 1598 969 1640 disseratur.
1028 1599 1141 1640 Nam
1160 1599 1215 1641 ad
1241 1601 1443 1645 musicam
1474 1615 1582 1655 quae

259 1661 480 1711 praeterea
509 1654 727 1710 pertinent
755 1660 868 1696 artes
898 1653 1184 1708 liberaliores,
1215 1671 1312 1709 eae,
1343 1657 1471 1698 sicuti
1501 1657 1583 1697 iam

260 1726 389 1766 supra
438 1710 794 1766 significavimuS,
844 1711 1024 1764 septimo
1070 1711 1238 1753 demum
1274 1711 1384 1754 libro
1412 1713 1458 1754 in
1497 1712 1582 1754 dis-

261 1767 544 1823 ceptationem
583 1774 803 1808 vocantur.
873 1766 1002 1819 Quod
1042 1782 1117 1808 cur
1146 1768 1208 1808 ita
1236 1768 1479 1809 institutum
1511 1769 1581 1820 sit,

261 1839 306 1865 re
356 1823 598 1864 accuratius
653 1822 924 1864 considerata
975 1822 1307 1877 haudquaquam
1356 1824 1584 1865 obscurum

261 1881 354 1921 erit.
431 1879 680 1933 Opponitur
726 1879 837 1920 enim
892 1879 959 1920 hic
1004 1880 1310 1934 temperantiae
1358 1879 1586 1934 disciplina

261 1937 314 1977 iis
346 1935 623 1976 Doriensium
654 1935 886 1988 institutis,
921 1935 1077 1988 quibus
1107 1935 1216 1976 libro
1246 1936 1385 1990 priore
1415 1935 1584 1977 fortitu-

262 1993 405 2033 dinem
443 1991 639 2032 bellicam
679 1990 872 2031 adiuvari
911 1990 1244 2032 demonstratum
1284 1997 1370 2043 est,
1401 1990 1585 2045 ideoque

262 2063 357 2089 cum
396 2046 758 2102 compotationum
799 2047 1014 2088 mentione
1050 2047 1286 2102 iunguntur
1323 2047 1485 2087 musica
1521 2047 1585 2087 in—

263 2104 430 2154 stituta,
459 2103 668 2156 imprimis
699 2103 951 2144 saltationes
981 2110 1025 2144 et
1053 2102 1255 2154 choreae,
1286 2101 1440 2155 quibus
1469 2103 1586 2144 cives

265 2158 380 2214 apud
437 2158 724 2199 Athenienses
797 2158 994 2200 solebant
1054 2158 1107 2199 ad
1165 2158 1485 2213 temperantiam
1545 2165 1588 2199 et

263 2214 537 2256 humanitatis
586 2212 754 2254 laudem
804 2214 1090 2256 conformari.·
1150 2213 1232 2255 Est
1283 2214 1415 2269 igitur
1460 2213 1588 2256 huius

264 2270 567 2325 disputationis
605 2270 716 2311 ratio
748 2285 924 2325 prorsus
955 2269 1123 2322 eadem,
1156 2283 1265 2323 quae
1289 2269 1430 2311 locum
1460 2270 1589 2312 habet

265 2328 310 2368 in
346 2325 466 2368 libris
505 2326 573 2367 De
614 2325 876 2380 Republica,
919 2327 991 2368 ubi
1038 2330 1317 2380 posteaquam
1361 2324 1586 2367 custodum

266 2383 531 2438 publicorum
559 2396 713 2423 munus
754 2388 798 2423 et
827 2382 1014 2424 officium
1045 2380 1309 2437 descriptum
1339 2388 1419 2434 est,
1451 2382 1588 2423 conti-

266 2455 354 2480 uuo
394 2438 513 2480 Libr.
554 2437 612 2478 II.
654 2436 753 2479 inde
794 2453 819 2479 a
858 2455 897 2494 p.
939 2439 1031 2481 375.
1062 2436 1113 2478 E.
1144 2436 1344 2489 docetur,
1374 2436 1588 2489 quomodo

269 2495 329 2535 illi
359 2494 544 2536 debeant
581 2493 739 2534 erudiri
768 2494 1022 2546 liberaliter,
1055 2501 1105 2548 ut·
1131 2508 1228 2534 cum
1258 2493 1430 2548 ingenio
1460 2493 1585 2534 vehe-

268 2552 472 2592 mentiore
510 2556 554 2591 et
583 2549 645 2590 ad
684 2550 975 2592 fortitudinem
1013 2548 1190 2604 proclivi
1237 2549 1363 2590 etiam
1391 2563 1587 2591 mansue-

267 2607 457 2648 tudinem
489 2613 530 2648 et
561 2605 795 2661 sapientiae
836 2606 1166 2649 moderationem
1199 2605 1472 2660 coniungant.
1531 2604 1587 2647 Et

287 2667 308 2694 ι
