1644 2886
256 95 333 136 100
603 132 607 136 ,
695 89 1146 133 ARGUMENTUM

253 204 470 246 mercium.
532 204 642 244 Nam
671 201 725 242 ad
757 202 1001 256 nuptiarum
1022 202 1367 243 communitatem
1399 208 1441 243 et
1485 218 1585 244 con-

253 259 515 302 iunctionem
555 271 732 313 prorsus
771 266 838 298 est
876 257 1165 298 necessarium
1204 256 1397 310 novisse,
1438 272 1463 298 a
1493 259 1587 311 qui-

253 316 332 356 bus
374 314 468 366 quis
509 327 684 354 uxorem
724 311 855 353 ducat
896 319 938 352 et
973 327 1101 365 quam
1130 313 1198 354 vel
1238 327 1364 366 quem
1409 320 1585 368 nuptum

254 371 338 412 det.
403 369 542 410 Huius
570 368 702 422 igitur
731 368 791 409 rei
821 368 948 422 longe
980 369 1258 424 gravissimae
1289 382 1442 410 caussa
1461 384 1585 422 opor-

253 432 314 466 tet
353 425 478 465 etiam
516 424 630 465 inter
666 423 792 466 ludos
846 423 1042 479 publicos
1102 425 1304 466 saltiones
1363 425 1587 465 instituere

255 494 412 535 pueros
451 487 494 521 et
523 479 711 534 puellas,
755 479 885 532 idque
927 480 1064 521 facere
1104 479 1244 521 nudos
1275 479 1502 534 nudasque
1534 479 1588 520 ad

254 535 520 577 moderatum
558 550 695 589 usque
733 535 955 590 pudorem.
1016 534 1103 577 Sed
1141 535 1193 576 de
1223 535 1289 576 his
1319 550 1490 589 quoque
1520 550 1586 576 re·

253 592 350 643 bus,
383 592 674 647 experimento
696 588 863 632 demum
891 605 967 646 per
996 590 1142 632 decem
1174 605 1309 632 annos
1339 598 1482 646 capto,
1518 605 1587 632 ac-

255 647 444 688 curatius
477 647 722 700 certiusque
753 646 1067 688 decernendum
1107 653 1149 687 et
1178 646 1453 693 iudicandum
1485 648 1587 693 erit3

256 717 368 744 nunc
411 703 517 759 legis
554 703 711 758 primas
752 703 874 756 quasi
914 703 1047 743 lineas
1079 702 1252 743 duxisse
1283 703 1387 744 satis
1416 703 1494 743 erit
1525 702 1586 756 (p.

257 760 348 798 771.
390 759 444 800 A.
478 783 531 789 —-
566 760 658 799 772.
705 759 801 811 E..)
834 783 883 788 -—
967 758 1205 798 Dicendum
1245 773 1345 799 vero
1382 773 1495 798 nunc
1527 758 1609 797 de-

256 814 631 855 matrimoniis
673 819 762 866 est,
803 813 856 855 de
897 814 1051 867 quibus
1091 813 1195 855 haec
1234 813 1485 868 exposuisse
1525 814 1588 853 iu-

258 870 387 911 vabit.
470 869 728 926 Legitimum
767 876 935 925 tempus
976 869 1232 911 matrimonii
1272 869 1448 911 ineundi
1486 869 1588 909 viris

257 931 473 966 statuatur
511 940 647 966 annus
687 927 838 967 aetatis
879 926 1053 979 quintus
1090 926 1318 966 vicesimus
1358 939 1494 978 usque
1535 923 1589 965 ad

259 981 453 1035 quintum
506 981 781 1022 tricesimum.
863 981 913 1021 In
963 980 1192 1036 iungendis
1245 987 1385 1022 autem
1429 980 1590 1035 nuptiis

257 1037 401 1078 caveri
443 1043 638 1091 oportet,
681 1052 733 1077 ne
774 1036 947 1077 divitiae
988 1037 1131 1092 potins
1175 1051 1300 1090 quam
1330 1036 1589 1090 reipublicae

258 1094 443 1134 rationes
488 1093 793 1146 hominumque
836 1107 973 1133 mores
1014 1099 1055 1133 et
1092 1093 1263 1148 ingenia
1292 1092 1590 1147 respiciantur.

262 1150 412 1202 [taque
454 1149 526 1202 qui
570 1147 773 1189 calidiore
818 1156 861 1188 et
900 1148 1108 1189 ferociore
1147 1148 1286 1189 animo
1325 1155 1446 1201 sunt,
1486 1147 1515 1188 ii
1546 1147 1590 1187 in
1641 1171 1644 1174 <

257 1205 572 1245 matrimonium
614 1203 774 1244 ducant
816 1204 1003 1259 virgines
1049 1203 1252 1245 modestis
1284 1211 1405 1245 natas
1437 1217 1589 1258 paren-

254 1260 392 1313 tibus,
435 1265 479 1300 et
516 1259 705 1301 vicissim
735 1259 807 1314 qui
836 1266 938 1301 sunt
975 1273 1126 1301 natura
1157 1259 1366 1301 tardiores
1397 1267 1440 1300 et
1469 1257 1591 1300 seda-

255 1317 409 1368 tiores,
449 1315 476 1357 ii
517 1326 743 1370 parentum
795 1315 1046 1356 ala‘criorum
1089 1323 1131 1356 et
1170 1315 1444 1356 fervidiorum
1479 1313 1589 1355 filias

256 1386 411 1413 uxores
442 1371 623 1421 ducant3
664 1371 723 1411 ita
762 1371 873 1412 enim
919 1371 1146 1412 diversitas
1183 1371 1450 1423 ingeniorum
1482 1379 1588 1410 tam-

256 1442 383 1482 quam
415 1432 750 1482 temperamento
791 1427 977 1480 quodam
1008 1427 1200 1468 adhibito
1230 1423 1414 1468 lenietur
1457 1431 1587 1478 atque

256 1483 479 1538 paullatim
518 1487 756 1525 evanescet.
826 1481 1028 1526 Coelibes
1065 1498 1167 1524 vero
1209 1482 1246 1523 si
1296 1483 1370 1536 qui
1411 1496 1505 1522 esse
1545 1486 1588 1521 et

256 1553 426 1580 manere
455 1538 696 1590 maluerint,
729 1552 802 1580 eos
833 1553 912 1591 par
942 1545 1007 1580 est
1037 1539 1235 1580 mulctari
1273 1538 1445 1592 publice
1486 1542 1527 1578 et
1563 1550 1588 1576 a

256 1595 491 1636 iunioribus
534 1593 759 1635 contemni.
833 1593 920 1635 Sed
963 1601 1011 1635 ut
1047 1594 1262 1635 connubia
1300 1609 1353 1634 ne
1392 1594 1589 1634 ineantur

255 1651 361 1692 lucri
383 1657 426 1691 et
448 1656 653 1703 quaestus
676 1650 830 1705 gratia,
853 1649 1012 1699 dotem,
1047 1665 1156 1703 quae
1175 1650 1357 1704 pretium
1378 1649 1588 1703 quinqua—

257 1707 377 1762 ginta
408 1705 703 1746 drachmarum
734 1704 935 1757 excedat,
972 1706 1039 1747 vel
1071 1704 1171 1746 dare
1205 1705 1269 1746 vel
1304 1705 1500 1758 accipere
1529 1704 1588 1744 le-

255 1763 383 1818 gibus
426 1761 700 1802 interdietum
740 1762 806 1803 sit.
890 1762 1071 1802 Liberos
1123 1760 1391 1814 despondere
1431 1759 1588 1800 nemini

255 1818 384 1859 liceat
422 1817 502 1858 nisi
543 1818 680 1872 patri,
714 1817 835 1857 fratri
867 1831 1087 1871 germano,
1121 1831 1201 1858 avo
1233 1823 1427 1870 paterno,
1463 1821 1520 1867 et,
1550 1815 1586 1856 si

257 1874 297 1914 hi
337 1873 492 1914 mortui
528 1872 710 1924 fuerint,
762 1873 898 1913 matri.
968 1872 1019 1912 In
1069 1872 1277 1913 conviviis
1324 1870 1587 1925 nuptialibus

256 1944 356 1971 vero
387 1927 653 1971 celebrandis
685 1926 835 1969 sedulo
865 1927 1098 1969 curandum
1129 1934 1207 1976 est,
1239 1934 1286 1968 ut
1318 1926 1588 1968 mediocritas

256 1984 463 2040 quaedam
494 1990 537 2026 et
561 1983 845 2038 temperantia
875 1984 1137 2025 observetur.
1199 1983 1352 2036 Itaque
1372 1989 1414 2023 et
1443 1982 1586 2037 magni

254 2046 419 2084 sumtus
449 2040 494 2081 in
530 2039 582 2082 iis
611 2038 776 2081 vitandi
806 2046 905 2081 sunt
935 2045 977 2080 et
1008 2040 1191 2081 ebrietas
1221 2039 1333 2080 omni
1365 2037 1490 2079 modo
1521 2037 1587 2079 fu·-

254 2096 424 2152 gienda.
507 2096 661 2150 Neque
711 2095 822 2135 enim
875 2094 1108 2149 quidquam
1157 2094 1280 2135 novis
1330 2093 1586 2147 coniugibus

257 2153 460 2193 ebrietate
496 2151 662 2206 turpius
703 2151 852 2202 tuerit,
895 2166 980 2205 qua
1019 2157 1132 2192 certe
1161 2150 1265 2191 nihil
1296 2149 1478 2204 cogitari
1509 2163 1585 2204 po·
1635 2193 1639 2195 ,

254 2214 342 2249 test
381 2206 498 2260 quod
536 2207 766 2248 liberorum
805 2207 1091 2261 procreationi
1123 2206 1218 2261 plus
1249 2204 1390 2246 damni
1423 2203 1584 2246 afferat.

255 2261 455 2305 Ceterum
495 2263 596 2304 novi
636 2262 840 2317 coniuges
880 2263 1063 2304 seiuncti
1094 2276 1143 2302 ac
1173 2261 1360 2314 separati
1391 2260 1586 2301 habitent

255 2319 308 2361 ab
339 2317 540 2359 affinibus
572 2323 615 2358 et
645 2316 861 2373 cognatis,
903 2333 956 2359 ne
995 2316 1245 2372 quotidiana
1275 2331 1371 2357 cum
1402 2315 1454 2356 iis
1483 2331 1584 2357 con-

255 2374 441 2416 versatio
479 2373 699 2415 fastidium
749 2372 900 2414 afferat
944 2384 1022 2414 aut
1047 2372 1300 2414 discordiam
1334 2379 1376 2413 et
1405 2371 1584 2416 inimici-

255 2430 356 2471 tiam
403 2429 543 2483 pariat
592 2430 660 2483 (p.
701 2429 795 2469 772.
836 2428 888 2469 Ε.
927 2430 1112 2472 -”776.
1156 2428 1247 2481 B.).
1287 2453 1339 2458 —-
1410 2429 1489 2470 His
1530 2429 1582 2470 de

255 2484 469 2527 connubio
517 2484 704 2526 ineundo
761 2484 985 2539 explicatis
1034 2483 1310 2525 Atheniensis
1360 2483 1493 2525 veluti
1538 2485 1582 2525 in

254 2546 504 2582 transcursu
543 2539 751 2594 quaedam
793 2539 969 2581 disserit
1006 2554 1133 2593 quum
1174 2538 1226 2579 de
1256 2539 1462 2580 bonorum
1493 2545 1582 2580 tum

256 2596 307 2638 de
350 2610 569 2637 servorum
610 2596 906 2650 possessione,
961 2595 1068 2648 quos
1108 2595 1338 2650 prolixiore
1392 2597 1583 2639 oratione
