1592 2872
218 88 331 128 VIII
426 119 429 123 ⁴
645 86 1118 131 PROLEGOMENA

216 198 420 240 rimandis
466 198 548 239 illis
585 199 892 253 subsistamus,
927 213 1035 253 quae
1067 212 1154 238 non
1184 203 1271 238 tam
1303 213 1380 251 pro
1411 198 1535 239 vitio—

217 255 277 296 sis
307 269 433 308 quam
462 269 540 308 pro
570 254 850 296 insolentibus
880 262 923 297 et
938 254 1151 298 inusitatis
1181 253 1377 295 habenda
1405 254 1535 296 fuisse

217 310 519 352 existimamus.

532 659 651 736 Gap.
692 660 798 719 XV·
877 658 1120 738 Segment.
1162 660 1220 720 11.

214 796 287 832 De
326 797 642 842 simplicitate
681 799 887 834 rationis
933 799 1204 834 disserendi
1244 798 1292 832 in
1328 797 1535 842 Legibus

473 855 709 898 usurpata,
732 855 850 898 quid
874 855 1175 890 sentiendum
1198 853 1279 889 sit.

324 970 478 1025 Itaque
514 972 695 1027 primum
734 971 908 1026 quidem
943 985 1175 1012 memorare
1213 972 1378 1026 placet,
1419 970 1535 1026 quod

214 1027 341 1068 tertio
381 1027 476 1068 loco
517 1029 754 1082 posuimus.
822 1027 1060 1081 Conquesti
1099 1027 1210 1068 enim
1247 1036 1348 1070 sunt
1398 1027 1536 1069 critici

214 1082 268 1124 de
306 1083 480 1125 insolita
524 1083 709 1137 quadam
747 1084 984 1138 sapientiae
1024 1083 1090 1124 vel
1120 1084 1263 1138 potius
1281 1082 1535 1137 prudentiae

213 1145 255 1180 et
291 1138 481 1180 iustitiae
520 1139 751 1181 tradendae
795 1139 1087 1195 simplicitate,
1137 1153 1246 1193 quae
1283 1139 1329 1180 in
1366 1139 1535 1194 Legum

212 1194 333 1236 libris
375 1194 629 1238 dominetur.
699 1195 833 1237 Cuius
869 1194 1041 1250 quidem
1073 1209 1249 1236 caussae
1279 1200 1322 1236 et
1349 1194 1535 1236 rationes

212 1249 544 1305 haudquaquam
570 1253 616 1293 in
646 1252 830 1294 obscuro
858 1251 1006 1292 latent.
1064 1250 1234 1292 Etenim
1256 1249 1534 1305 philosophus

212 1307 256 1348 in
298 1306 561 1362 explicandis
602 1308 730 1349 rebus
770 1307 896 1363 plane
935 1306 1212 1362 popularibus
1250 1312 1293 1348 et
1329 1305 1384 1349 ad
1419 1306 1534 1347 vitae

212 1377 339 1404 usum
384 1364 698 1418 pertinentibus
748 1363 1075 1419 prudentissime
1121 1362 1314 1418 profecto
1365 1361 1535 1404 videtur

213 1418 340 1460 etiam
377 1418 578 1473 populari
616 1419 865 1475 disputandi
905 1433 1060 1475 genere
1106 1433 1209 1460 usus
1249 1432 1366 1471 esse,
1418 1417 1534 1472 quod

212 1490 299 1516 non
336 1483 558 1530 superaret
594 1490 738 1517 eorum
766 1475 984 1517 hominum
1015 1480 1209 1529 captum,
1248 1474 1319 1528 qui
1358 1489 1444 1515 non
1471 1475 1534 1515 in-

211 1531 370 1572 teriora
399 1530 697 1586 philosophiae
717 1531 951 1587 penetralia
978 1531 1159 1586 ingressi
1189 1536 1345 1572 essent.
1403 1528 1536 1582 Quod

214 1602 299 1641 quo
336 1587 428 1628 iure
457 1587 519 1628 ita
557 1594 817 1640 statuamus,
858 1598 957 1642 post
985 1602 1056 1639 ea,
1089 1600 1200 1639 quae
1230 1600 1360 1640 supra
1389 1585 1440 1626 de
1470 1600 1535 1626 ar-

213 1649 415 1698 gumento
455 1642 605 1684 horum
641 1643 845 1685 librorum
884 1643 1210 1698 explicavimus,
1254 1657 1339 1683 non
1369 1641 1535 1682 videtur

211 1699 342 1754 longa
402 1699 594 1754 indigere
652 1698 1027 1741 demonstratione.
1114 1698 1287 1738 Etenim
1344 1697 1536 1739 condidit
1562 1751 1564 1753 ‚

214 1754 338 1795 Plato
369 1754 412 1795 in
442 1754 608 1810 Legum
649 1770 778 1809 opere
817 1755 1033 1796 civitatem
1065 1753 1120 1794 ad
1148 1753 1282 1808 ipsius
1314 1753 1428 1794 vitae
1457 1752 1534 1794 hu—

212 1824 362 1851 manae
384 1811 606 1851 veritatem
627 1825 753 1863 quam
773 1811 952 1852 maxime
971 1815 1272 1864 comparatam,
1293 1808 1354 1849 ita
1376 1814 1532 1861 tamen,

212 1872 260 1907 ut
288 1865 465 1907 eandem
495 1867 623 1907 vellet
651 1866 752 1908 item
783 1872 874 1908 esse
903 1866 1121 1920 optimam,
1152 1879 1261 1918 quae
1290 1879 1367 1919 pro
1397 1879 1535 1905 rer-um

213 1922 490 1963 humanarum
511 1923 683 1963 fortuna
717 1929 759 1963 et
785 1921 1030 1963 conditione
1050 1930 1197 1976 posset
1226 1920 1432 1970 existere3
1458 1919 1534 1960 de-

213 1977 276 2018 dit
305 1993 432 2033 porro
474 1978 574 2020 huic
611 1979 695 2032 ipsi
725 1978 890 2020 civitati
918 1977 1192 2033 magistratus
1223 1991 1310 2028 eos,
1342 1976 1417 2029 qui
1455 1975 1534 2016 etsi

213 2034 298 2075 vim
327 2033 471 2088 legum
497 2034 957 2088 praestantissimarum
987 2033 1197 2074 mentibus
1227 2031 1313 2072 suis
1347 2031 1534 2084 comple-

214 2094 448 2142 cterentur,
478 2095 620 2130 tamen
650 2089 704 2129 ad
734 2091 933 2137 maiorem
965 2088 1178 2143 quandam
1205 2086 1534 2141 philosophandi

213 2145 460 2187 facultatem
503 2160 588 2186 non
627 2145 814 2186 instituti
853 2152 896 2187 et
934 2144 1088 2186 eruditi
1121 2149 1286 2195 essent,
1324 2142 1399 2183 sed
1429 2142 1535 2183 nihil

215 2202 299 2243 nisi
327 2200 548 2256 popularis
579 2201 811 2256 sapientiae
842 2210 884 2242 et
908 2200 1076 2242 virtutis
1095 2198 1263 2240 laudem
1292 2205 1533 2249 tuerentur3

215 2257 481 2312 disciplinam
519 2264 741 2311 praeterea
779 2258 986 2312 privatam
1025 2255 1185 2310 pariter
1223 2260 1352 2308 atque
1394 2254 1534 2308 publi-

215 2329 310 2356 cam
337 2313 466 2354 talem
495 2313 533 2353 ei
564 2313 811 2368 impertivit,
845 2327 954 2368 quae
983 2311 1246 2353 Graecorum
1270 2309 1460 2351 moribus
1491 2317 1535 2350 et

215 2369 423 2412 institutis
459 2374 573 2410 esset
601 2370 879 2419 conveniens;
917 2368 1118 2410 virtutem
1143 2367 1244 2407 item
1274 2366 1326 2407 ab
1358 2380 1407 2406 ea
1437 2380 1534 2408 exe-

216 2427 280 2482 git
307 2440 392 2467 non
422 2425 632 2468 excelsam
659 2424 788 2479 illam,
819 2439 927 2479 quae
955 2423 1140 2465 solorum
1158 2422 1415 2477 sapientium
1438 2437 1535 2476 pro-

215 2482 311 2537 pria
339 2487 419 2534 est,
450 2480 527 2522 sed
554 2481 803 2535 popularem
834 2496 884 2523 ac
906 2480 1145 2534 vulgarem3
1171 2478 1345 2519 deorum
1376 2478 1535 2519 cultum

218 2538 344 2579 etiam
375 2537 433 2579 ibi
454 2552 632 2592 regnare
661 2533 800 2579 voluit
824 2539 1033 2578 sincerum
1054 2534 1225 2588 quidem
1255 2540 1298 2574 et
1327 2549 1352 2574 a
1389 2547 1532 2575 crassa

218 2594 354 2647 plebis
401 2592 712 2647 superstitione·
750 2594 973 2634 immunem
1026 2597 1152 2643 atque
1203 2590 1403 2639 liberum,
1456 2588 1528 2629 sed
