1592 2872
250 57 360 98 XVI
677 54 1151 99 PROLEGOMENA

251 169 336 210 sint
374 168 582 209 collocata
622 180 759 220 quove
799 180 910 207 nexu
940 181 1035 208 cum
1064 168 1155 209 aliis
1186 168 1455 222 cohaereant,
1488 171 1569 212 cla-

250 225 413 266 rissime
442 237 613 265 cernere
644 228 685 262 et
714 220 1064 265 animadvertere.

360 280 457 321 Hoc
495 279 628 333 igitur
667 282 731 318 est
760 277 986 320 artificium
1015 278 1208 320 Platonis
1235 279 1359 334 plane
1389 280 1570 322 admira—

237 336 347 389 bile,
378 330 493 388 quod
521 335 564 373 in
594 332 787 386 plurimis
817 333 908 375 eius
937 334 1108 390 scriptis
1149 334 1376 390 diligenter
1403 343 1573 392 oportet

249 389 543 440 animadverti,
580 387 792 442 siquidem
812 389 1010 431 'futurum
1028 389 1098 442 sit,
1132 396 1180 431 ut
1208 390 1263 431 ad
1295 398 1453 434 rectam
1483 392 1571 448 ple-

247 460 429 499 namque
486 459 632 486 eorum
687 444 1014 500 intelligentiam
1061 446 1347 500 perveniatur.
1426 450 1573 503 Atque

247 501 359 542 idem
398 499 504 541 illud
542 499 745 555 imprimis
784 502 910 542 etiam
939 501 984 543 in
1012 501 1253 544 iudicandis
1283 502 1476 559 Legibus
1507 512 1572 546 est

247 555 583 609 observandum,
624 555 740 609 quod
777 556 948 610 quidem
985 572 1094 612 opus
1143 557 1448 613 amplissimum
1486 575 1571 602 non

245 613 371 654 aliam
409 612 463 654 ob
506 626 701 654 caussam
739 613 874 669 magis
915 628 992 667 pro
1030 619 1232 668 suspecto
1272 613 1463 656 habitum
1492 630 1570 670 pu·

245 677 400 721 tamus,
435 682 562 722 quam
591 667 693 722 quia
719 683 806 709 non
835 668 938 711 satis
968 675 1165 711 accurate
1194 670 1469 712 observatum
1490 677 1570 724 est,

246 739 331 778 qua
363 731 455 766 arte
483 730 527 766 et
555 724 720 765 ratione
746 724 984 767 universae·
1007 724 1309 779 disputationis
1336 725 1569 782 'descriptio

246 787 289 822 et
325 780 638 836 coagmentatio
684 780 881 822 instituta
929 780 999 823 sit.
1073 780 1288 822 Nimirum
1345 787 1410 824 est
1468 797 1569 825 sane

244 837 367 878 istius
404 836 466 878 rei
502 834 808 877 animadversio
846 835 990 892 paullo
1029 836 1267 889 difficilior,
1299 837 1377 879 sed
1404 845 1470 879 est
1500 852 1570 879 ea-

246 891 344 934 dem
374 891 429 934 ad
459 892 597 947 operis
627 893 932 947 praestantiam
960 899 1076 935 recte
1107 892 1413 934 aestimandam
1441 893 1570 949 longe

244 949 345 990 item
373 948 603 990 utilissima
640 959 767 1001 atque
796 948 1058 1003 gravissima.
1123 948 1214 990 Iam
1251 963 1354 990 vero
1384 949 1457 991 ubi
1487 949 1569 991 sci-

244 1004 469 1057 scitamur,
512 1002 715 1057 quidnam
753 1003 924 1045 tandem
964 1004 1043 1057 sit,
1083 1003 1198 1058 quod
1231 1003 1385 1046 hocin
1413 1019 1568 1060 genere

245 1060 352 1107 adeo
392 1060 448 1102 sit
483 1059 776 1112 memorabile,
816 1073 885 1101 res
921 1060 1119 1102 universe
1149 1059 1321 1114 quidem
1351 1067 1465 1102 certe
1496 1059 1568 1102 de-

246 1116 396 1158 clarari
427 1120 568 1171 potest
597 1115 738 1156 verbis
762 1115 1044 1170 paucissimis.
1101 1114 1274 1156 Etenim
1292 1115 1566 1158 consideran-

243 1179 309 1214 tes
340 1172 485 1227 paullo
514 1170 762 1226 diligentius
791 1185 957 1212 omnem
985 1171 1202 1212 materiam
1223 1171 1363 1226 operis
1392 1171 1483 1213 eius
1515 1186 1568 1213 ue

243 1228 544 1269 tractationem
582 1227 697 1268 nullo
735 1226 825 1267 fere
853 1226 1029 1282 negotio
1059 1225 1460 1279 animadvertemus,
1521 1243 1568 1268 u-

244 1284 398 1339 plioem
476 1283 715 1324 otissimum
763 1281 1086 1324 discernendam
1135 1296 1232 1323 esse
1271 1288 1432 1337 partem
1472 1284 1568 1324 uni-

242 1353 393 1381 versae
469 1338 754 1393 isputationis.
813 1337 964 1379 Altera
1001 1337 1114 1379 enim
1154 1343 1347 1379 versatur
1384 1338 1428 1379 in
1455 1337 1568 1380 iudi-

243 1394 391 1438 candis
428 1394 617 1436 moribus
656 1399 700 1435 et
735 1392 943 1435 institutis
982 1393 1179 1435 civilibus
1209 1393 1568 1448 exquirendisque

242 1450 414 1506 optimis
453 1450 642 1506 legibus;
678 1449 812 1490 altera
849 1447 905 1490 ad
942 1463 1118 1491 caussas
1148 1456 1192 1490 et
1220 1450 1409 1492 rationes
1437 1450 1567 1506 perti-

242 1512 337 1559 net,
378 1505 492 1547 unde
532 1505 820 1561 intelligatur,
860 1504 1113 1558 quibusnam
1141 1505 1429 1548 fundamentis
1476 1511 1566 1547 tum

242 1562 430 1604 civitatis
466 1568 529 1614 ‚et
574 1562 716 1618 legum
762 1560 949 1602 rationes
995 1567 1086 1603 tum
1134 1561 1268 1604 virtus
1311 1561 1468 1603 civium
1516 1575 1566 1603 ac

243 1618 568 1674 magistratuum
605 1617 685 1659 niti
725 1615 922 1659 debeant.
990 1617 1112 1658 Haec
1149 1617 1235 1659 duo
1276 1617 1408 1672 igitur
1441 1616 1566 1662 Plato

241 1674 479 1717 arctissime
517 1673 628 1715 inter
671 1673 685 1713 i
718 1687 764 1714 sa
800 1672 1023 1714 coniunxit
1070 1678 1220 1728 utpote
1277 1672 1333 1714 ad
1381 1673 1566 1728 optimae

241 1729 441 1783 civitatis,
471 1743 580 1784 quae
610 1728 681 1784 qui
716 1743 781 1770 em
809 1728 921 1770 inter
949 1729 1149 1770 mortales
1178 1727 1409 1782 aliquando
1437 1727 1566 1770 condi

241 1791 401 1841 posset,
422 1799 600 1841 prorsus
618 1784 873 1827 necessaria.
930 1784 1047 1826 Data
1068 1790 1210 1826 autem
1230 1783 1428 1840 scriptori
1450 1782 1567 1825 haud

241 1842 368 1884 dubie
411 1842 530 1896 optio
567 1841 662 1890 fuit,
692 1846 832 1882 utram
869 1845 1033 1896 partem
1070 1839 1199 1882 vellet
1235 1839 1483 1894 praevalere
1523 1845 1566 1880 et

240 1898 362 1940 alteri
393 1896 631 1952 quaestioni
660 1901 875 1950 tamquam
904 1895 1171 1938 fundamenti
1202 1895 1296 1938 loco
1326 1895 1562 1937 subiectam

241 1968 349 1996 esse.
416 1953 531 1995 Nam
572 1951 713 2007 potuit
741 1965 843 1993 sane
872 1966 949 2007 pro
979 1965 1025 1993 re
1053 1957 1154 1993 nata
1183 1957 1257 1993 aut
1285 1950 1495 2006 principia
1521 1957 1566 1992 et

241 2023 413 2052 caussas
462 2023 604 2050 rerum
651 2007 841 2050 civilium
904 2007 1173 2062 praemittere
1218 2007 1359 2061 iisque
1406 2005 1563 2048 deinde

242 2063 564 2107 accommodare
605 2078 714 2118 quae
753 2062 806 2104 de
842 2062 1010 2119 legibus
1056 2062 1238 2105 dicenda
1274 2068 1441 2112 essent;
1488 2069 1564 2103 aut

241 2136 381 2163 rerum
431 2119 622 2161 civilium
667 2118 976 2160 enarrationem
1016 2125 1060 2161 et
1106 2117 1454 2160 diiudicationem
1502 2117 1562 2158 ita

241 2177 439 2219 exhibere
470 2180 512 2217 et
539 2189 793 2231 proponere,
824 2180 871 2215 ut
907 2174 1007 2217 huic
1033 2181 1235 2228 tanquam
1264 2173 1402 2216 obiter
1431 2173 1561 2215 inter-

240 2237 505 2284 sererentur,
546 2245 656 2285 quae
694 2229 749 2272 ad
788 2231 978 2272 rationes
1016 2245 1160 2272 earum
1195 2229 1470 2272 illustrandas
1498 2229 1561 2270 ta-

239 2294 395 2331 cerent.
454 2287 578 2328 Illam
615 2286 821 2330 rationem
853 2286 1200 2328 desideraverunt
1227 2287 1377 2341 nuperi
1407 2283 1559 2335 critici,

241 2345 284 2386 in
311 2344 546 2400 primisque
577 2342 833 2385 Zellerus
876 2341 998 2385 Stud.
1036 2341 1200 2383 Platon.
1227 2357 1267 2397 p.
1299 2342 1364 2383 29.
1395 2341 1462 2382 30.
1491 2341 1558 2381 34.

240 2400 432 2442 Alteram
466 2399 587 2441 Plato
626 2398 709 2441 sibi
739 2397 1009 2454 deligendam
1045 2397 1223 2453 putavit.
1267 2396 1363 2438 Nec
1392 2395 1435 2437 id
1461 2410 1559 2451 pro—

239 2456 351 2499 fecto
389 2461 560 2498 temere.
618 2454 771 2497 Noluit
799 2454 910 2496 enim
937 2467 1124 2496 summus
1149 2452 1430 2508 philosophus
1462 2466 1561 2506 pro-

240 2517 336 2566 pter
363 2526 460 2565 eas,
504 2525 611 2565 quas
642 2524 770 2566 supra
799 2509 996 2562 diximus,
1027 2523 1199 2551 caussas
1230 2507 1396 2565 ingredi
1425 2507 1557 2549 subti-

238 2567 384 2610 liorem
415 2568 563 2610 harum
583 2581 722 2608 rerum
748 2565 1051 2619 quaestionem.
1115 2566 1263 2618 ltaque
1294 2576 1559 2617 consequens
