1592 2872
228 80 296 122 Xl
305 80 339 119 V
656 79 1080 122 PROLEGOMEN
1091 84 1127 122 A

231 199 278 246 ut
298 190 369 242 *ad
410 196 540 231 artem
582 190 904 244 compositionis
943 192 985 231 in
1020 191 1072 232 iis
1100 199 1344 246 regnantem
1377 193 1552 249 diligen-

230 255 294 288 ter
333 246 518 287 animum
557 245 840 286 advertamus.
910 245 980 287 Ad
1031 262 1157 300 quam
1205 247 1374 301 quidem
1422 250 1553 290 artem

229 302 435 358 imprimis
466 302 591 343 etiam
621 300 703 341 hoc
731 301 939 355 pertinet,
972 301 1085 356 quod
1116 302 1419 361 philosophus,
1460 312 1551 345 tan-

231 358 357 412 quam
394 359 522 412 poeta
558 355 713 409 aliquis
751 357 971 410 scenicus,
1017 372 1147 412 quum
1174 359 1393 401 institutae
1424 375 1552 414 quae-

229 414 358 455 stioni
405 411 630 467 plurimum
677 412 895 455 varietatis
944 413 1170 455 conciliare
1220 414 1412 466 studeat,
1462 423 1552 457 tum

229 468 406 510 eandem
434 473 533 522 post
562 467 796 523 longiorem
827 482 956 524 saepe
975 470 1198 511 circuitum
1229 469 1283 511 ad
1312 471 1357 512 id
1388 471 1550 527 dirigit,

229 522 345 578 quod
380 522 464 578 ipsi
502 529 570 564 est
606 524 888 579 propositum.
957 524 1129 580 Quippe
1170 527 1338 580 quaerit
1361 527 1430 568 ille
1460 527 1550 568 lau-

229 580 325 634 dem
366 579 582 620 varietatis
634 579 720 621 fere
761 579 826 622 his
874 580 1121 623 rationibus.
1203 581 1390 624 Primum
1442 584 1551 624 enim

229 634 585 690 quemadmodum
637 635 680 676 in
725 635 878 677 fabulis
934 637 1115 679 scenicis
1161 652 1258 678 cum
1299 646 1419 692 parte
1467 639 1551 694 pri-

227 691 359 733 maria
396 691 522 732 etiam
559 697 704 746 partes
733 691 1010 734 secundariae
1040 693 1363 747 consociantur,
1394 695 1456 735 ita
1482 694 1552 735 ille

228 748 356 789 etiam
384 747 429 787 in
459 746 819 802 disputationibus
851 748 940 790 suis
963 763 1058 790 cum
1079 750 1326 803 quaestione
1350 750 1550 805 primaria

227 803 459 845 arctissime
479 803 567 844 fere
587 803 710 844 aliam
722 804 979 858 coniungere
993 804 1102 846 solet
1118 805 1427 859 quaestionem,
1442 820 1551 860 quae

227 859 289 900 illi
325 866 478 899 natura
516 873 594 900 sua
637 865 821 914 cognata
861 861 928 902 sit.
998 859 1128 912 Quod
1166 860 1338 915 quidem
1368 861 1550 916 plerum-

229 930 311 969 que
340 915 401 955 ita
432 914 485 955 ab
526 929 576 956 eo
605 915 848 957 institutum
879 914 1086 969 videmus,
1117 924 1164 958 ut
1194 916 1328 958 altera
1357 918 1550 970 quaestio

227 977 420 1013 versetur
457 971 501 1011 in
537 970 664 1012 rebus
704 970 759 1011 ad
787 970 1085 1026 philosophiae
1116 972 1393 1014 subtilitatem
1453 973 1550 1014 erti-

228 1026 452 1078 nentibus,
492 1027 625 1068 altera
664 1032 874 1082 occupata
911 1027 967 1069 sit
1006 1028 1050 1069 in
1088 1028 1290 1070 rimandis
1328 1043 1378 1070 ac
1408 988 1549 1071 ‹iiscu-

227 1081 384 1124 tiendis
423 1082 503 1135 iis,
546 1097 656 1136 quae
693 1081 749 1123 ad
785 1083 916 1124 vitam
961 1083 1117 1125 civium
1165 1098 1453 1136 communem,
1495 1084 1549 1125 ad

226 1139 442 1181 hominum
480 1152 619 1180 mores
656 1144 700 1179 et
737 1138 932 1194 ingenia,
973 1138 1028 1180 ad
1055 1139 1295 1193 aequalium
1322 1138 1480 1181 iudicia
1508 1147 1550 1180 et

227 1194 473 1249 opiniones,
517 1194 773 1248 pertineant.
834 1193 1050 1247 Quocirca
1066 1195 1211 1238 altera
1240 1195 1433 1249 quaestio
1461 1195 1549 1237 fere

226 1251 406 1293 refertur
444 1255 649 1304 tanquam
688 1250 918 1292 introrsum
957 1250 1013 1291 ad
1049 1264 1118 1292 res
1146 1251 1190 1292 in
1216 1251 1368 1293 mentis
1394 1250 1549 1292 intelli-

226 1306 372 1364 gentia
407 1306 594 1361 positas,
643 1306 778 1347 altera
814 1305 1066 1360 plerumque
1113 1306 1250 1347 tendit
1286 1306 1342 1347 ad
1386 1306 1548 1360 aliquid

225 1362 490 1405 extrinsecus
528 1361 764 1413 obiectum,
803 1362 1075 1416 pertinetque
1121 1360 1175 1403 ad
1221 1376 1288 1404 res
1335 1368 1546 1415 externas,

226 1432 336 1473 quae
377 1416 550 1471 quidem
586 1431 683 1459 eum
711 1417 1008 1473 philosophiae
1036 1417 1272 1460 rationibus
1301 1417 1446 1472 aliqua
1473 1432 1546 1459 ne·-

224 1472 482 1517 cessitudine
521 1473 607 1515 sint
643 1473 880 1529 copulatae.
950 1473 1018 1514 Ita
1053 1474 1097 1515 in
1133 1473 1252 1516 libris
1290 1473 1358 1515 De
1405 1473 1547 1529 Repu-

224 1530 337 1573 blica
376 1529 571 1583 quaestio
603 1528 655 1570 de
684 1529 849 1571 iustitia
878 1529 1226 1571 coniunctissima
1263 1535 1328 1571 est
1357 1543 1453 1570 cum
1484 1529 1547 1570 di-

223 1585 468 1642 sputatione
497 1583 550 1626 de
580 1585 944 1640 praestantissima
961 1586 1166 1639 cuiusque
1195 1585 1377 1627 hominis
1405 1584 1547 1626 indole

224 1648 268 1684 et
302 1641 463 1696 optima
501 1640 695 1692 civitate3
724 1642 769 1683 in
801 1641 1195 1695 Phaedonesidum
1239 1640 1463 1683 disseritur
1491 1639 1545 1682 de

224 1697 459 1739 animorum
505 1696 848 1749 immortalitate,
899 1697 1024 1739 simul
1071 1697 1279 1753 sapientis
1326 1696 1544 1738 morientis

222 1754 362 1808 imago
393 1752 661 1809 depingitur3
702 1753 747 1794 in
777 1752 1005 1809 Symposio
1034 1768 1119 1794 una
1149 1752 1382 1806 eademque
1412 1767 1545 1806 opera

222 1815 265 1851 et
303 1809 355 1851 de
394 1809 549 1850 amoris
589 1814 744 1851 natura
779 1809 919 1865 agitur
959 1814 1001 1850 et
1032 1823 1149 1850 amor
1181 1808 1271 1851 veri
1300 1807 1550 1863 philosophi

186 1915 189 1917 ,
223 1864 415 1909 Socratis
451 1864 644 1920 exemplo
683 1865 942 1915 illustratur3
982 1865 1024 1905 in
1055 1863 1231 1906 Critone
1260 1863 1360 1904 dum
1390 1862 1543 1912 Socra-

222 1928 285 1964 tes
323 1935 349 1962 a
385 1920 560 1962 crimine
597 1920 671 1962 illo
702 1920 971 1972 defenditur,
1012 1935 1098 1974 quo
1128 1921 1303 1962 iuvenes
1330 1918 1544 1960 ferebatur

222 1977 370 2032 patriis
407 1976 447 2018 le
479 1976 575 2018 ibus
614 1975 792 2018 reddere
830 1976 1150 2032 immorigeros,
1193 1973 1316 2018 simul
1347 1973 1539 2026 docetur,

221 2033 334 2075 bono
372 2037 414 2073 et
450 1992 631 2074 {onesto
669 2032 760 2074 viro
790 2033 833 2073 in
863 2032 977 2074 omni
1005 2032 1117 2074 vitae
1146 2029 1390 2073 conditione
1420 2029 1541 2071 iusti-

221 2087 325 2129 tiam
364 2099 459 2129 esse
499 2086 719 2129 colendam
757 2087 1147 2142 praestandumque
1182 2085 1433 2140 obsequium
1462 2100 1539 2140 pu-

219 2141 344 2186 blicis
396 2142 564 2198 legibus
614 2142 818 2185 debitum.
900 2142 1013 2187 Sunt
1059 2148 1199 2185 autem
1266 2141 1539 2196 quaestiones

219 2199 342 2250 illae,
387 2199 542 2253 quibus
584 2198 764 2241 subinde
794 2199 920 2241 etiam
959 2199 1066 2241 aliae
1097 2197 1332 2249 accedunt,
1365 2197 1450 2239 fere
1479 2196 1539 2237 ita

172 2262 178 2266 “
218 2256 328 2297 inter
365 2269 411 2296 se
449 2255 621 2296 iunctae
659 2261 700 2295 et
738 2268 979 2309 connexae,
1025 2260 1073 2296 ut
1108 2254 1219 2296 inter
1256 2253 1376 2308 ipsas
1417 2253 1539 2305 quasi

218 2315 383 2353 certare
420 2316 464 2353 et
501 2309 762 2353 contendere
801 2311 1038 2353 videantur.
1106 2308 1193 2363 Qui
1232 2314 1298 2351 est
1326 2307 1538 2350 secundus

218 2367 316 2409 fons
351 2366 570 2409 varietatis
606 2365 742 2420 illius,
782 2382 867 2421 qua
903 2366 1070 2422 philoso
1103 2365 1182 2408 hus
1218 2364 1415 2407 scenicus
1451 2377 1537 2405 ser-

218 2422 414 2465 monibus
455 2421 543 2466 suis
581 2428 783 2477 tanquam
830 2422 1009 2466 actionis
1086 2422 1314 2463 ramaticae
1370 2418 1538 2461 laudem

218 2478 446 2521 conciliare
465 2477 622 2521 studet.
680 2474 850 2521 Etenim
867 2477 993 2520 modo
1022 2477 1254 2533 suscipitur
1283 2482 1324 2517 et
1354 2475 1539 2531 agitatur

218 2534 338 2588 haec,
367 2533 494 2577 modo
533 2534 605 2575 illa
635 2534 904 2590 profligatur,
935 2532 1210 2588 proceditque
1239 2546 1360 2573 omne
1391 2530 1535 2586 dispu-
