1644 2886
217 109 295 151 DE
332 101 609 150 LEGIBUS
646 102 758 146 LIB.
791 99 893 142 Vll.
929 99 975 140 P.
1015 99 1110 139 794.
1143 95 1207 139 St.
1322 94 1402 135 273

46 230 212 279 πόλεως
247 228 454 276 οικετῶν,
509 226 696 275 πολίτην
744 224 789 265 δὲ
823 217 1194 279 ἀμφιςβητοῦντα
1229 215 1310 270 μὲν
1346 213 1398 273 τῆ

43 297 220 341 κολάσει
267 292 378 350 πρὸς
432 289 538 343 τοὺς
594 287 879 345 ἀστυνόμους
926 288 995 330 ἐπι
1041 287 1166 336 δίκην
1207 278 1398 337 ἄγουσα,

43 362 445 422 ἀναμφιςβήτητον
480 361 525 403 δὲ
560 355 671 402 ὄντα
707 358 781 400 καὶ
817 353 900 399 τὸν
942 355 1130 404 πολίτην
1174 347 1290 401 αὑτὴ
1329 365 1400 392 κο-

47 436 222 486 λαζέτω.
269 446 378 487 μετα
418 429 463 471 δὲ
497 424 576 469 τὸν
620 425 738 478 ἑξέτη
771 425 844 467 καὶ
890 420 973 475 τὴν
1016 421 1151 473 ἑξέτιν
1186 419 1398 474 διακρινέ-

47 503 148 542 σθω
197 501 276 555 μὲν
326 494 408 548 ἤδη
443 492 493 538 τὸ
538 498 662 546 γένος
709 495 946 548 ἑκατέρων·
996 486 1124 544 κόροι
1164 489 1245 558 μὲν
1287 499 1398 540 μετα

46 566 202 622 κόρωι,
239 566 467 620 παρθένοι
501 563 546 604 δὲ
582 559 788 611 ὠςαύτως
818 557 912 614 μετ’
951 554 1158 608 ἀλληλων
1193 554 1278 605 τὴν
1305 554 1402 595 δια-

47 633 203 691 τριβὴν
238 633 566 676 ποιείσθωσαν·
603 626 714 683 πρὸς
748 629 795 670 δὲ
830 643 885 668 τα
932 622 1194 680 μαθήματα
1242 628 1401 676 τρέπε-

49 707 167 746 σθαι
208 699 348 757 χρεὼν
383 703 627 751 ἑκατέρους,
665 694 768 745 τοὺς
802 698 882 749 μὲν
917 689 1113 751 ἄῤῥενας
1147 687 1217 748 ἐφ’
1257 691 1405 731 ἵππων

48 765 341 817 διδασκάλους
375 783 448 809 και
489 763 630 816 τόξων
665 765 737 806 καὶ
782 762 1003 804 ἀκοντίων
1039 776 1112 801 και
1158 753 1403 816 σφενδονή-

51 853 173 886 σεως,
209 833 288 878 ἐὰν
323 836 367 877 δέ
401 850 461 893 πῃ
496 832 758 886 ξωχωρώσι,
808 834 932 886 μέχρι
968 845 1014 882 ys
1050 822 1296 882 μαθήσεως
1330 839 1404 866 και

50 906 106 946 τα
144 903 305 955 θηλεα,
341 903 412 943 καὶ
447 896 500 952 δὴ
539 899 595 941 τά
633 916 680 952 >s
715 897 910 953 μάλιστα
946 892 1060 951 πρὸς
1097 890 1180 945 τὴν
1227 908 1313 934 των
1357 888 1408 933 ὅ·

55 975 176 1015 πλων
209 972 374 1026 χρείαν.
414 966 464 1011 τὸ
499 964 585 1023 γὰρ
621 965 673 1018 δὴ
710 967 792 1008 νῦν
825 960 1052 1012 καθεστὸς
1087 964 1183 1014 περὶ
1222 977 1276 1001 τα
1319 975 1409 1002 τοι-

51 1042 168 1082 αῦτα
211 1036 440 1090 ἀγνοεῖται
474 1032 596 1092 παρὰ
633 1041 728 1084 τοῖς
766 1034 904 1076 πᾶσιν
941 1029 1107 1085 ὀλίγου,

153 1106 257 1148 ΚΛ.
332 1100 400 1146 Τὸ
438 1109 594 1154 ποῖονς

155 1169 268 1231 Cap.
306 1167 366 1212 V.
438 1169 535 1213 ΑΘ.
598 1161 674 1214 (Ως
706 1162 796 1220 ἄρα
833 1164 889 1209 τὰ
941 1163 1057 1217 δεξιὰ
1096 1165 1170 1206 καὶ
1213 1161 1266 1204 τὰ
1313 1160 1412 1219 ἀρι-

61 1299 483 1390 (εἰλο)ζ1ἶ4·101·.8.δ.1)1·ο
518 1296 604 1341 αὐτὴ
631 1298 796 1339 κολαζέτω
832 1303 913 1329 ante
938 1296 1080 1328 Astium
1114 1294 1296 1335 legebatur
1328 1290 1414 1335 αὕτη

62 1359 102 1380 uo
123 1360 144 1381 α
163 1359 226 1379 ὃῐω

150 1390 438 1425 διδασκάλους
463 1393 530 1423 καὶ
562 1389 714 1433 τόξων]
741 1386 856 1421 ὅπλων
881 1388 963 1420 Vat.
990 1399 1016 1419 r.

149 1440 194 1472 D.
243 1439 318 1470 νῦν
347 1436 588 1480 καθεστὸς]
617 1438 728 1478 Vulgo
755 1433 943 1468 καθεστὼς.
991 1433 1062 1466 Sed
1087 1431 1264 1464 καθεστὸς
1287 1443 1341 1474 pr
1369 1432 1414 1463 A

65 1485 100 1518 Ω
130 1495 163 1518 et
192 1487 217 1518 1·
245 1497 277 1516 0.
305 1495 547 1527 quamquam
539 1485 582 1516 de
608 1486 782 1525 scriptura
808 1483 919 1514 critici
945 1481 1061 1513 adhue
1085 1480 1280 1521 ambigunt.

61 1609 139 1641 que
163 1599 325 1640 puella,
346 1599 379 1630 h.
395 1610 423 1632 e.
438 1600 497 1631 ubi
510 1599 610 1640 pueri
625 1607 700 1629 sex-

61 1652 134 1678 tum
164 1645 292 1677 aetatis
324 1655 456 1677 annum
494 1650 702 1687 exegerunt:

60 1692 277 1724 nnchdem
315 1692 385 1723 ein
411 1691 559 1724 Knabe
599 1691 704 1722 oder

60 1737 277 1771 Midehen
302 1748 318 1770 s
331 1738 432 1770 eehs
466 1738 602 1770 Jahre
640 1738 705 1768 alt

61 1789 185 1825 gewo
197 1785 308 1815 rden
339 1785 413 1815 ist.
469 1783 580 1816 Usum
613 1783 706 1815 hune

63 1830 232 1871 loquendi
257 1830 302 1861 ad
324 1830 422 1861 Libr.
445 1829 490 1860 V.
509 1840 542 1871 p.
562 1828 643 1863 746.
662 1829 706 1862 D.

64 1877 253 1916 attigimus.
279 1875 350 1906 Pro
366 1874 460 1916 ἑξέτη
485 1874 515 1906 Β
528 1887 549 1907 11
557 1876 579 1906 d
588 1885 610 1906 a
619 1885 638 1906 e
647 1885 669 1906 u
679 1886 707 1914 s,

65 1926 229 1954 narrante
242 1922 276 1952 A
286 1932 302 1953 s
310 1922 374 1953 tio
383 1945 392 1961 ‚
417 1922 603 1962 legendum
628 1931 706 1953 sua-

66 1968 112 2001 sit
145 1966 263 2009 ἑξὲτην
297 1968 352 1999 vel
389 1965 526 2008 ἐξαετῆε
565 1967 608 1998 de
641 1977 709 2008 qua

67 2015 286 2047 correctione
303 2014 390 2055 quid
414 2014 634 2046 sentiendum
651 2014 708 2052 sit,

65 2062 144 2102 ipso
196 2062 228 2092 A
240 2061 296 2092 sti
306 2070 327 2092 o
376 2060 501 2092 melius
554 2060 710 2092 ostendit

67 2106 156 2138 Lob
167 2107 322 2139 eckius
355 2106 401 2138 ad
444 2106 633 2147 Phrynich.
673 2116 709 2148 p.

114 2217 178 2260 ἐφ’
213 2220 353 2252 ἵππων
390 2218 707 2263 διδασκάλους]

69 2267 114 2299 Η.
153 2277 181 2299 e.
215 2267 261 2299 ad
294 2269 345 2299 rei
381 2268 554 2308 eque-stris
599 2269 709 2309 magi-

71 2318 175 2345 stros.

118 2379 189 2412 ἐὰν
214 2379 256 2412 δέ
280 2393 331 2423 πῃ
357 2381 617 2425 ξυγχωριῦσι
646 2382 709 2423 -]

75 2425 119 2457 Η.
152 2436 182 2460 e.
211 2432 253 2460 et
283 2439 386 2461 vero
427 2429 560 2461 etiam
592 2427 710 2460 femi-

76 2481 152 2504 nas
186 2473 343 2507 sinon
371 2480 625 2517 repugnent
659 2475 710 2514 (si

77 2528 160 2560 qua
184 2521 460 2562 concedant),
490 2525 610 2553 certe
635 2521 709 2560 ita,

78 2569 121 2596 ut
144 2574 230 2596 rem
256 2572 534 2607 cognoscunt,
561 2572 602 2599 et
621 2568 710 2609 qui-

78 2610 168 2642 dem
193 2611 380 2645 maxime
404 2623 464 2655 ea,
488 2624 594 2656 quae
619 2624 709 2655 spe-

81 2661 199 2688 ctant
223 2657 273 2689 ad
295 2667 414 2698 usum
437 2669 664 2692 armorum.

125 2700 209 2744 Cap.
238 2703 282 2737 V.
317 2703 363 2737 D.
396 2701 454 2737 Ὦς
477 2702 556 2748 ᾄρα
581 2704 623 2738 τὰ
652 2705 712 2737 δε-

126 2758 213 2790 Plat.
241 2761 330 2802 Opp.
355 2761 436 2793 Vol.
460 2761 522 2794 Xl.
561 2763 653 2795 Sect.
682 2764 726 2797 11.

773 1594 841 1636 ξιὰ
897 1596 960 1626 καὶ
1020 1591 1064 1624 τὰ
1120 1589 1327 1633 ἀριστερὰ
1351 1590 1415 1632 —-]

772 1641 878 1680 Quod
901 1641 1008 1673 hodie
1043 1649 1183 1681 quoque
1215 1639 1294 1671 fieri
1318 1648 1415 1670 asso-

772 1690 838 1729 let,
863 1693 901 1719 ut
925 1688 970 1720 ad
998 1687 1166 1728 pleraque
1197 1686 1317 1717 omnia
1345 1690 1415 1716 tra-

773 1735 901 1767 ctanda
924 1743 995 1766 una
1019 1732 1093 1764 fere
1118 1733 1264 1764 dextera
1290 1741 1415 1763 manus

773 1781 995 1818 adhibeatur,
1021 1779 1165 1810 sinistra
1183 1780 1298 1810 minus
1314 1787 1416 1809 usur-

775 1834 896 1869 petur,
927 1827 965 1858 id
997 1826 1100 1857 etiam
1133 1825 1229 1866 apud
1258 1823 1417 1856 Graecos

775 1873 951 1905 communi
987 1881 1053 1902 usu
1091 1876 1270 1912 receptum
1305 1870 1419 1902 fuisse

775 1920 830 1951 vel
867 1929 910 1950 ex
942 1918 1011 1949 hoe
1044 1927 1114 1948 uno
1146 1917 1226 1948 loeo
1254 1916 1418 1948 Platonis

777 1965 926 2005 intelligi
950 1965 1044 1995 licet.
1078 1963 1161 1995 Alia
1183 1964 1236 1994 rei
1261 1963 1420 1994 testimo-

777 2013 836 2044 nia
861 2011 1004 2052 collegit
1021 2009 1246 2042 Beckerus
1265 2008 1421 2043 Charicl.

777 2058 860 2090 Vol.
884 2058 913 2089 Ι.
945 2067 980 2098 p.
1012 2055 1058 2091 58
1082 2066 1132 2097 sq.
1183 2055 1421 2094 Quamobrem

779 2105 872 2146 quod
899 2104 1002 2136 Plato
1025 2102 1084 2134 hic
1104 2102 1147 2134 de
1172 2103 1311 2144 aequali
1334 2103 1421 2134 utri-

778 2161 888 2192 usque
913 2159 1036 2182 manus
1062 2159 1128 2180 usu
1152 2149 1350 2191 praecepit,
1383 2149 1420 2180 id

774 2198 843 2238 ipsi
885 2197 975 2229 adeo
1019 2195 1268 2227 Aristoteli
1310 2195 1420 2228 Polit.

776 2243 826 2278 ΙΙ.
842 2243 896 2278 12.
924 2243 1103 2283 singulare
1118 2242 1284 2284 quiddam
1305 2242 1421 2274 visum

777 2294 848 2329 est3
873 2290 958 2332 quin
983 2288 1173 2329 Stagirites
1209 2289 1299 2321 adeo
1335 2297 1419 2320 con·

778 2336 922 2368 tendere
946 2345 1015 2367 non
1042 2335 1229 2375 dubitavit,
1256 2335 1421 2366 dextrum

779 2383 944 2424 quodque
989 2381 1134 2413 sinistro
1183 2387 1310 2413 natura
1357 2389 1422 2412 sua

778 2429 884 2470 longe
908 2428 1032 2460 melius
1048 2437 1141 2467 esse3
1168 2428 1322 2469 quamin
1347 2436 1422 2458 rem

779 2473 1026 2507 Gatakerus
1061 2474 1106 2506 ad
1139 2474 1312 2507 Antonin.
1336 2471 1420 2504 XII.

778 2521 810 2555 6.
836 2532 870 2563 p.
901 2520 981 2555 352.
1013 2521 1134 2552 laudat
1167 2519 1223 2552 De
1251 2519 1418 2552 Partibus

781 2567 932 2599 Animal.
960 2566 1029 2598 111,
1057 2565 1091 2600 4.
1120 2565 1181 2599 IV.
1195 2566 1228 2600 4.
1252 2566 1311 2598 De
1329 2566 1418 2598 Ani-

780 2615 859 2647 mal.
877 2613 1020 2645 Incessu
1044 2623 1073 2645 e.
1087 2610 1119 2646 4.
1145 2611 1261 2645 Ethic.
1277 2611 1418 2644 Nicom.

780 2659 825 2691 V.
851 2660 880 2694 7.
913 2666 946 2690 et
963 2659 1101 2691 Eudem
1126 2658 1190 2693 IV.
1212 2658 1245 2693 5.
1270 2659 1307 2691 in
1330 2656 1431 2692 Pro-‘

782 2707 882 2738 blem.
917 2705 1020 2738 xxl.
1050 2705 1104 2739 12.
1132 2704 1187 2738 13.
1214 2705 1268 2740 19.
1293 2704 1351 2741 31.
1376 2723 1420 2728 -

1104 2762 1152 2802 18
