<?xml version="1.0" encoding="UTF-8"?>
<!DOCTYPE html PUBLIC "-//W3C//DTD XHTML 1.0 Transitional//EN"
    "http://www.w3.org/TR/xhtml1/DTD/xhtml1-transitional.dtd">
<html xmlns="http://www.w3.org/1999/xhtml" xml:lang="en" lang="en">
 <head>
  <title>
</title>
<meta http-equiv="Content-Type" content="text/html;charset=utf-8" />
  <meta name='ocr-system' content='tesseract 3.04.00' />
  <meta name='ocr-capabilities' content='ocr_page ocr_carea ocr_par ocr_line ocrx_word'/>
</head>
<body>
  <div class='ocr_page' id='page_1' title='image "./s2operaomniarece10platuoft_0505.png"; bbox 0 0 1644 2886; ppageno 0'>
   <div class='ocr_carea' id='block_1_1' title="bbox 162 69 1285 119">
    <p class='ocr_par' dir='ltr' id='par_1_1' title="bbox 162 69 1285 119">
     <span class='ocr_line' id='line_1_1' title="bbox 162 69 1285 119; baseline -0.009 0"><span class='ocrx_word' id='word_1_1' title='bbox 162 76 244 119; x_wconf 81' lang='lat' dir='ltr'>DE</span> <span class='ocrx_word' id='word_1_2' title='bbox 277 74 556 119; x_wconf 74' lang='lat' dir='ltr'>LEGIBUS</span> <span class='ocrx_word' id='word_1_3' title='bbox 587 73 707 117; x_wconf 84' lang='lat' dir='ltr'>LlB.</span> <span class='ocrx_word' id='word_1_4' title='bbox 742 71 846 114; x_wconf 83' lang='lat' dir='ltr'>Vll.</span> <span class='ocrx_word' id='word_1_5' title='bbox 885 70 931 112; x_wconf 83' lang='lat' dir='ltr'>P.</span> <span class='ocrx_word' id='word_1_6' title='bbox 964 71 1060 112; x_wconf 79' lang='lat'>822.</span> <span class='ocrx_word' id='word_1_7' title='bbox 1088 71 1185 112; x_wconf 71' lang='lat'>8⁴23.</span> <span class='ocrx_word' id='word_1_8' title='bbox 1220 69 1285 112; x_wconf 83' lang='lat' dir='ltr'>St.</span> 
     </span>
    </p>
   </div>
   <div class='ocr_carea' id='block_1_2' title="bbox 1349 72 1428 112">
    <p class='ocr_par' dir='ltr' id='par_1_2' title="bbox 1349 72 1428 112">
     <span class='ocr_line' id='line_1_2' title="bbox 1349 72 1428 112; baseline -0.013 0"><span class='ocrx_word' id='word_1_9' title='bbox 1349 72 1428 112; x_wconf 85' lang='lat'>391</span> 
     </span>
    </p>
   </div>
   <div class='ocr_carea' id='block_1_3' title="bbox 70 185 1436 451">
    <p class='ocr_par' dir='ltr' id='par_1_3' title="bbox 70 185 1436 451">
     <span class='ocr_line' id='line_1_3' title="bbox 71 185 1433 254; baseline -0.006 -16.844"><span class='ocrx_word' id='word_1_10' title='bbox 71 199 332 250; x_wconf 76' lang='grc' dir='ltr'><strong><em>γραμμένων</em></strong></span> <span class='ocrx_word' id='word_1_11' title='bbox 379 191 432 245; x_wconf 82' lang='grc' dir='ltr'>δὴ</span> <span class='ocrx_word' id='word_1_12' title='bbox 487 194 624 254; x_wconf 71' lang='grc' dir='ltr'><strong><em>ταύτῃ</em></strong></span> <span class='ocrx_word' id='word_1_13' title='bbox 670 191 756 234; x_wconf 80' lang='grc' dir='ltr'>τῶν</span> <span class='ocrx_word' id='word_1_14' title='bbox 804 189 952 244; x_wconf 81' lang='grc' dir='ltr'><strong><em>νόμων</em></strong></span> <span class='ocrx_word' id='word_1_15' title='bbox 990 203 1035 231; x_wconf 77' lang='grc' dir='ltr'>τε</span> <span class='ocrx_word' id='word_1_16' title='bbox 1080 205 1153 231; x_wconf 79' lang='grc' dir='ltr'>και</span> <span class='ocrx_word' id='word_1_17' title='bbox 1199 185 1306 240; x_wconf 80' lang='grc' dir='ltr'><strong><em>ὅλης</em></strong></span> <span class='ocrx_word' id='word_1_18' title='bbox 1357 188 1433 239; x_wconf 85' lang='grc' dir='ltr'>τῆς</span> 
     </span>
     <span class='ocr_line' id='line_1_4' title="bbox 72 251 1435 316; baseline -0.005 -13"><span class='ocrx_word' id='word_1_19' title='bbox 72 263 313 311; x_wconf 77' lang='grc' dir='ltr'><strong><em>πολιτείας</em></strong></span> <span class='ocrx_word' id='word_1_20' title='bbox 335 259 390 304; x_wconf 79' lang='grc' dir='ltr'>οὐ</span> <span class='ocrx_word' id='word_1_21' title='bbox 427 262 570 310; x_wconf 78' lang='grc' dir='ltr'><strong><em>τέλεος</em></strong></span> <span class='ocrx_word' id='word_1_22' title='bbox 605 257 629 302; x_wconf 87' lang='grc' dir='ltr'>ὁ</span> <span class='ocrx_word' id='word_1_23' title='bbox 662 259 741 302; x_wconf 87' lang='grc' dir='ltr'>τοῦ</span> <span class='ocrx_word' id='word_1_24' title='bbox 778 261 1071 316; x_wconf 71' lang='grc' dir='ltr'>διαφέροντος</span> <span class='ocrx_word' id='word_1_25' title='bbox 1103 256 1288 309; x_wconf 75' lang='grc' dir='ltr'><strong><em>πολίτου</em></strong></span> <span class='ocrx_word' id='word_1_26' title='bbox 1322 251 1435 310; x_wconf 81' lang='grc' dir='ltr'><strong><em>πρὸς</em></strong></span> 
     </span>
     <span class='ocr_line' id='line_1_5' title="bbox 70 318 1433 385; baseline -0.004 -15"><span class='ocrx_word' id='word_1_27' title='bbox 70 325 239 385; x_wconf 76' lang='grc' dir='ltr'><strong><em>ἀρετὴν</em></strong></span> <span class='ocrx_word' id='word_1_28' title='bbox 283 330 478 382; x_wconf 76' lang='grc' dir='ltr'><strong><em>γίγνεται</em></strong></span> <span class='ocrx_word' id='word_1_29' title='bbox 525 329 730 378; x_wconf 76' lang='grc' dir='ltr'><strong><em>ἔπαινος,</em></strong></span> <span class='ocrx_word' id='word_1_30' title='bbox 775 322 891 369; x_wconf 83' lang='grc' dir='ltr'><strong><em>ὅταν</em></strong></span> <span class='ocrx_word' id='word_1_31' title='bbox 939 320 1082 367; x_wconf 80' lang='grc' dir='ltr'><strong><em>αὐτόν</em></strong></span> <span class='ocrx_word' id='word_1_32' title='bbox 1130 338 1196 373; x_wconf 85' lang='grc' dir='ltr'>τις</span> <span class='ocrx_word' id='word_1_33' title='bbox 1241 323 1304 383; x_wconf 80' lang='grc' dir='ltr'>φῇ</span> <span class='ocrx_word' id='word_1_34' title='bbox 1352 318 1433 365; x_wconf 82' lang='grc' dir='ltr'>τὸν</span> 
     </span>
     <span class='ocr_line' id='line_1_6' title="bbox 72 387 1436 451; baseline -0.004 -14"><span class='ocrx_word' id='word_1_35' title='bbox 72 392 412 451; x_wconf 76' lang='grc' dir='ltr'><strong><em>ὑπηρετήσαντα</em></strong></span> <span class='ocrx_word' id='word_1_36' title='bbox 467 402 561 444; x_wconf 79' lang='grc' dir='ltr'><strong><em>τοῖς</em></strong></span> <span class='ocrx_word' id='word_1_37' title='bbox 613 391 769 449; x_wconf 80' lang='grc' dir='ltr'><strong><em>νόμοις</em></strong></span> <span class='ocrx_word' id='word_1_38' title='bbox 821 387 985 447; x_wconf 81' lang='grc' dir='ltr'><strong><em>ἄριστα</em></strong></span> <span class='ocrx_word' id='word_1_39' title='bbox 1029 392 1103 433; x_wconf 82' lang='grc' dir='ltr'>καὶ</span> <span class='ocrx_word' id='word_1_40' title='bbox 1158 387 1436 445; x_wconf 78' lang='grc' dir='ltr'><strong><em>πειθόμενον</em></strong></span> 
     </span>
    </p>
   </div>
   <div class='ocr_carea' id='block_1_4' title="bbox 71 455 1036 516">
    <p class='ocr_par' dir='ltr' id='par_1_4' title="bbox 71 455 1036 516">
     <span class='ocr_line' id='line_1_7' title="bbox 71 455 1036 516; baseline -0.005 -12"><span class='ocrx_word' id='word_1_41' title='bbox 71 461 289 516; x_wconf 76' lang='grc' dir='ltr'><strong><em>μάλιστα,</em></strong></span> <span class='ocrx_word' id='word_1_42' title='bbox 316 463 500 507; x_wconf 73' lang='grc' dir='ltr'><strong><em>’τοῦτον</em></strong></span> <span class='ocrx_word' id='word_1_43' title='bbox 543 459 653 504; x_wconf 85' lang='grc' dir='ltr'><strong><em>εἶναι</em></strong></span> <span class='ocrx_word' id='word_1_44' title='bbox 700 456 782 502; x_wconf 85' lang='grc' dir='ltr'>τὸν</span> <span class='ocrx_word' id='word_1_45' title='bbox 824 455 1036 513; x_wconf 75' lang='grc' dir='ltr'><strong><em>ἀγαθόν·</em></strong></span> 
     </span>
    </p>
   </div>
   <div class='ocr_carea' id='block_1_5' title="bbox 1088 456 1432 512">
    <p class='ocr_par' dir='ltr' id='par_1_5' title="bbox 1088 456 1432 512">
     <span class='ocr_line' id='line_1_8' title="bbox 1088 456 1432 512; baseline 0.003 -13"><span class='ocrx_word' id='word_1_46' title='bbox 1088 456 1349 512; x_wconf 81' lang='grc' dir='ltr'><strong><em>τελεώτερον</em></strong></span> <span class='ocrx_word' id='word_1_47' title='bbox 1385 458 1432 500; x_wconf 81' lang='grc' dir='ltr'>δὲ</span> 
     </span>
    </p>
   </div>
   <div class='ocr_carea' id='block_1_6' title="bbox 71 522 1569 853">
    <p class='ocr_par' dir='ltr' id='par_1_6' title="bbox 71 522 1569 853">
     <span class='ocr_line' id='line_1_9' title="bbox 71 522 1433 583; baseline -0.004 -12"><span class='ocrx_word' id='word_1_48' title='bbox 71 522 155 572; x_wconf 80' lang='grc' dir='ltr'>ὦδε</span> <span class='ocrx_word' id='word_1_49' title='bbox 193 531 446 583; x_wconf 74' lang='grc' dir='ltr'><strong><em>εἰρημένον,</em></strong></span> <span class='ocrx_word' id='word_1_50' title='bbox 490 526 549 579; x_wconf 86' lang='grc' dir='ltr'>ὠς</span> <span class='ocrx_word' id='word_1_51' title='bbox 581 525 696 582; x_wconf 76' lang='grc' dir='ltr'><strong><em>ἄρα,</em></strong></span> <span class='ocrx_word' id='word_1_52' title='bbox 733 523 783 577; x_wconf 84' lang='grc' dir='ltr'>ὃς</span> <span class='ocrx_word' id='word_1_53' title='bbox 817 523 877 568; x_wconf 73' lang='grc' dir='ltr'>ἂν</span> <span class='ocrx_word' id='word_1_54' title='bbox 913 532 1009 574; x_wconf 82' lang='grc' dir='ltr'><strong><em>τοῖς</em></strong></span> <span class='ocrx_word' id='word_1_55' title='bbox 1042 526 1126 568; x_wconf 87' lang='grc' dir='ltr'>τοῦ</span> <span class='ocrx_word' id='word_1_56' title='bbox 1172 527 1433 579; x_wconf 75' lang='grc' dir='ltr'><strong><em>νομοθέτου</em></strong></span> 
     </span>
     <span class='ocr_line' id='line_1_10' title="bbox 72 593 1569 651; baseline -0.003 -12"><span class='ocrx_word' id='word_1_57' title='bbox 72 595 440 651; x_wconf 77' lang='grc' dir='ltr'><strong><em>νομοθετοῦντός</em></strong></span> <span class='ocrx_word' id='word_1_58' title='bbox 476 611 521 638; x_wconf 80' lang='grc' dir='ltr'>τε</span> <span class='ocrx_word' id='word_1_59' title='bbox 551 597 626 637; x_wconf 81' lang='grc' dir='ltr'>καὶ</span> <span class='ocrx_word' id='word_1_60' title='bbox 662 595 958 641; x_wconf 70' lang='grc' dir='ltr'><strong><em>ἐπαινοῦντος</em></strong></span> <span class='ocrx_word' id='word_1_61' title='bbox 989 593 1063 634; x_wconf 80' lang='grc' dir='ltr'>καὶ</span> <span class='ocrx_word' id='word_1_62' title='bbox 1097 595 1318 650; x_wconf 79' lang='grc' dir='ltr'><strong><em>ψέγοντος</em></strong></span> <span class='ocrx_word' id='word_1_63' title='bbox 1341 608 1430 635; x_wconf 78' lang='grc' dir='ltr'>πει·</span> <span class='ocrx_word' id='word_1_64' title='bbox 1464 598 1569 639; x_wconf 75' lang='lat'>823-</span> 
     </span>
     <span class='ocr_line' id='line_1_11' title="bbox 73 653 1433 720; baseline -0.002 -15"><span class='ocrx_word' id='word_1_65' title='bbox 73 662 273 718; x_wconf 73' lang='grc' dir='ltr'><strong><em>θόμενος</em></strong></span> <span class='ocrx_word' id='word_1_66' title='bbox 317 661 547 719; x_wconf 69' lang='grc' dir='ltr'><strong><em>γράμμασι</em></strong></span> <span class='ocrx_word' id='word_1_67' title='bbox 595 661 799 720; x_wconf 68' lang='grc' dir='ltr'><strong><em>διεξέλθῃ</em></strong></span> <span class='ocrx_word' id='word_1_68' title='bbox 836 658 916 702; x_wconf 88' lang='grc' dir='ltr'>τὸν</span> <span class='ocrx_word' id='word_1_69' title='bbox 963 660 1064 713; x_wconf 80' lang='grc' dir='ltr'><strong><em>βίον</em></strong></span> <span class='ocrx_word' id='word_1_70' title='bbox 1106 655 1322 714; x_wconf 75' lang='grc' dir='ltr'><strong><em>ἄκρατον.</em></strong></span> <span class='ocrx_word' id='word_1_71' title='bbox 1358 653 1433 702; x_wconf 80' lang='grc' dir='ltr'>οὗ·</span> 
     </span>
     <span class='ocr_line' id='line_1_12' title="bbox 71 727 1434 785; baseline -0.003 -13"><span class='ocrx_word' id='word_1_72' title='bbox 71 746 148 781; x_wconf 82' lang='grc' dir='ltr'>τος</span> <span class='ocrx_word' id='word_1_73' title='bbox 178 727 202 773; x_wconf 85' lang='grc' dir='ltr'><strong>ὅ</strong></span> <span class='ocrx_word' id='word_1_74' title='bbox 242 745 286 773; x_wconf 81' lang='grc' dir='ltr'>τε</span> <span class='ocrx_word' id='word_1_75' title='bbox 324 729 456 783; x_wconf 81' lang='grc' dir='ltr'><strong><em>λόγος</em></strong></span> <span class='ocrx_word' id='word_1_76' title='bbox 491 728 759 785; x_wconf 79' lang='grc' dir='ltr'><strong><em>ὀρθότατος</em></strong></span> <span class='ocrx_word' id='word_1_77' title='bbox 794 732 854 778; x_wconf 82' lang='grc' dir='ltr'>εὶς</span> <span class='ocrx_word' id='word_1_78' title='bbox 889 730 1078 769; x_wconf 76' lang='grc' dir='ltr'><strong><em>ἔπαινον</em></strong></span> <span class='ocrx_word' id='word_1_79' title='bbox 1114 728 1320 775; x_wconf 76' lang='grc' dir='ltr'><strong><em>πολίτου,</em></strong></span> <span class='ocrx_word' id='word_1_80' title='bbox 1357 727 1434 770; x_wconf 83' lang='grc' dir='ltr'>τόν</span> 
     </span>
     <span class='ocr_line' id='line_1_13' title="bbox 71 790 1436 853; baseline -0.002 -14"><span class='ocrx_word' id='word_1_81' title='bbox 71 813 118 840; x_wconf 76' lang='grc' dir='ltr'>τε</span> <span class='ocrx_word' id='word_1_82' title='bbox 152 798 410 853; x_wconf 78' lang='grc' dir='ltr'><strong><em>νομοθέτην</em></strong></span> <span class='ocrx_word' id='word_1_83' title='bbox 446 795 586 846; x_wconf 88' lang='grc' dir='ltr'><strong><em>ὅντως</em></strong></span> <span class='ocrx_word' id='word_1_84' title='bbox 620 797 685 839; x_wconf 77' lang='grc' dir='ltr'>δεῖ</span> <span class='ocrx_word' id='word_1_85' title='bbox 717 793 777 851; x_wconf 81' lang='grc' dir='ltr'>μὴ</span> <span class='ocrx_word' id='word_1_86' title='bbox 813 793 958 850; x_wconf 85' lang='grc' dir='ltr'><strong><em>μόνον</em></strong></span> <span class='ocrx_word' id='word_1_87' title='bbox 992 790 1182 851; x_wconf 79' lang='grc' dir='ltr'><strong><em>γράᾳειν</em></strong></span> <span class='ocrx_word' id='word_1_88' title='bbox 1220 791 1326 844; x_wconf 79' lang='grc' dir='ltr'><strong><em>τοὺς</em></strong></span> <span class='ocrx_word' id='word_1_89' title='bbox 1360 793 1436 837; x_wconf 85' lang='grc' dir='ltr'>νό-</span> 
     </span>
    </p>
   </div>
   <div class='ocr_carea' id='block_1_7' title="bbox 28 968 1437 1152">
    <p class='ocr_par' dir='ltr' id='par_1_7' title="bbox 28 968 1437 1152">
     <span class='ocr_line' id='line_1_14' title="bbox 165 968 1433 1013; baseline -0.001 -11"><span class='ocrx_word' id='word_1_90' title='bbox 165 971 242 1003; x_wconf 75' lang='grc' dir='ltr'>τοῦ</span> <span class='ocrx_word' id='word_1_91' title='bbox 267 971 526 1011; x_wconf 76' lang='grc' dir='ltr'><strong><em>νομοθέτου</em></strong></span> <span class='ocrx_word' id='word_1_92' title='bbox 560 968 941 1013; x_wconf 69' lang='grc' dir='ltr'><strong><em>νομοθετοῦντος]</em></strong></span> <span class='ocrx_word' id='word_1_93' title='bbox 968 969 1080 1002; x_wconf 81' lang='lat' dir='ltr'>Editt.</span> <span class='ocrx_word' id='word_1_94' title='bbox 1109 976 1212 1002; x_wconf 82' lang='lat' dir='ltr'>vett.:</span> <span class='ocrx_word' id='word_1_95' title='bbox 1241 971 1305 1002; x_wconf 77' lang='grc' dir='ltr'>τοῦ</span> <span class='ocrx_word' id='word_1_96' title='bbox 1330 982 1433 1010; x_wconf 74' lang='grc' dir='ltr'><strong><em>νομο-</em></strong></span> 
     </span>
     <span class='ocr_line' id='line_1_15' title="bbox 73 1015 1437 1057; baseline -0.001 -8"><span class='ocrx_word' id='word_1_97' title='bbox 73 1015 286 1050; x_wconf 72' lang='grc' dir='ltr'><strong><em>θεττοῦντόε</em></strong></span> <span class='ocrx_word' id='word_1_98' title='bbox 311 1028 345 1049; x_wconf 78' lang='grc' dir='ltr'>τε</span> <span class='ocrx_word' id='word_1_99' title='bbox 373 1019 427 1049; x_wconf 79' lang='grc' dir='ltr'>καὶ</span> <span class='ocrx_word' id='word_1_100' title='bbox 451 1015 690 1057; x_wconf 74' lang='grc' dir='ltr'><strong><em>ἐπαινοῦντος,</em></strong></span> <span class='ocrx_word' id='word_1_101' title='bbox 717 1018 849 1053; x_wconf 84' lang='lat' dir='ltr'>omisso</span> <span class='ocrx_word' id='word_1_102' title='bbox 875 1015 1087 1055; x_wconf 76' lang='grc' dir='ltr'><strong><em>νομοθέτου.</em></strong></span> <span class='ocrx_word' id='word_1_103' title='bbox 1119 1016 1227 1048; x_wconf 75' lang='lat' dir='ltr'>Recte</span> <span class='ocrx_word' id='word_1_104' title='bbox 1249 1027 1322 1049; x_wconf 88' lang='lat' dir='ltr'>voc.</span> <span class='ocrx_word' id='word_1_105' title='bbox 1349 1018 1437 1049; x_wconf 80' lang='lat' dir='ltr'>adii-</span> 
     </span>
     <span class='ocr_line' id='line_1_16' title="bbox 73 1063 1434 1105; baseline -0.001 -9"><span class='ocrx_word' id='word_1_106' title='bbox 73 1064 171 1096; x_wconf 79' lang='lat' dir='ltr'>ciunt</span> <span class='ocrx_word' id='word_1_107' title='bbox 195 1064 233 1097; x_wconf 88' lang='grc' dir='ltr'>Ξ.</span> <span class='ocrx_word' id='word_1_108' title='bbox 259 1075 291 1095; x_wconf 86' lang='lat' dir='ltr'>v.</span> <span class='ocrx_word' id='word_1_109' title='bbox 318 1063 344 1095; x_wconf 77' lang='lat' dir='ltr'>f.</span> <span class='ocrx_word' id='word_1_110' title='bbox 369 1063 405 1095; x_wconf 83' lang='lat' dir='ltr'>h.</span> <span class='ocrx_word' id='word_1_111' title='bbox 429 1073 458 1095; x_wconf 89' lang='lat' dir='ltr'>r.</span> <span class='ocrx_word' id='word_1_112' title='bbox 484 1073 516 1095; x_wconf 81' lang='lat' dir='ltr'>a.</span> <span class='ocrx_word' id='word_1_113' title='bbox 543 1074 572 1096; x_wconf 80' lang='lat' dir='ltr'>c.</span> <span class='ocrx_word' id='word_1_114' title='bbox 600 1075 629 1095; x_wconf 90' lang='grc' dir='ltr'>ο.</span> <span class='ocrx_word' id='word_1_115' title='bbox 655 1063 686 1098; x_wconf 76' lang='grc' dir='ltr'>ὃ.</span> <span class='ocrx_word' id='word_1_116' title='bbox 712 1074 768 1104; x_wconf 82' lang='lat' dir='ltr'>x.‚</span> <span class='ocrx_word' id='word_1_117' title='bbox 794 1064 853 1105; x_wconf 90' lang='lat' dir='ltr'>qui</span> <span class='ocrx_word' id='word_1_118' title='bbox 879 1063 968 1094; x_wconf 84' lang='lat' dir='ltr'>liber</span> <span class='ocrx_word' id='word_1_119' title='bbox 997 1067 1195 1104; x_wconf 81' lang='lat' dir='ltr'>postremus</span> <span class='ocrx_word' id='word_1_120' title='bbox 1221 1063 1316 1104; x_wconf 88' lang='lat' dir='ltr'>quod</span> <span class='ocrx_word' id='word_1_121' title='bbox 1346 1063 1434 1095; x_wconf 74' lang='lat' dir='ltr'>illud</span> 
     </span>
     <span class='ocr_line' id='line_1_17' title="bbox 28 1106 1435 1152; baseline -0.001 -10"><span class='ocrx_word' id='word_1_122' title='bbox 28 1118 37 1122; x_wconf 88' lang='lat'>·</span> <span class='ocrx_word' id='word_1_123' title='bbox 73 1115 211 1150; x_wconf 85' lang='lat' dir='ltr'>tuetur,</span> <span class='ocrx_word' id='word_1_124' title='bbox 236 1110 320 1142; x_wconf 84' lang='lat' dir='ltr'>inde</span> <span class='ocrx_word' id='word_1_125' title='bbox 343 1110 432 1142; x_wconf 86' lang='lat' dir='ltr'>adeo</span> <span class='ocrx_word' id='word_1_126' title='bbox 463 1110 635 1152; x_wconf 83' lang='lat' dir='ltr'>suspicari</span> <span class='ocrx_word' id='word_1_127' title='bbox 662 1111 848 1150; x_wconf 81' lang='lat' dir='ltr'>audemus,</span> <span class='ocrx_word' id='word_1_128' title='bbox 873 1119 917 1141; x_wconf 89' lang='lat' dir='ltr'>ne</span> <span class='ocrx_word' id='word_1_129' title='bbox 945 1109 1027 1143; x_wconf 87' lang='lat' dir='ltr'>Par.</span> <span class='ocrx_word' id='word_1_130' title='bbox 1054 1112 1098 1143; x_wconf 84' lang='lat' dir='ltr'>A.</span> <span class='ocrx_word' id='word_1_131' title='bbox 1123 1114 1158 1141; x_wconf 90' lang='lat' dir='ltr'>et</span> <span class='ocrx_word' id='word_1_132' title='bbox 1185 1110 1265 1141; x_wconf 86' lang='lat' dir='ltr'>Vat.</span> <span class='ocrx_word' id='word_1_133' title='bbox 1294 1106 1332 1143; x_wconf 82' lang='grc' dir='ltr'>Ω.</span> <span class='ocrx_word' id='word_1_134' title='bbox 1359 1111 1435 1151; x_wconf 90' lang='lat' dir='ltr'>qui-</span> 
     </span>
    </p>
   </div>
   <div class='ocr_carea' id='block_1_8' title="bbox 74 1156 546 1189">
    <p class='ocr_par' dir='ltr' id='par_1_8' title="bbox 74 1156 546 1189">
     <span class='ocr_line' id='line_1_18' title="bbox 74 1156 546 1189; baseline 0.002 -1"><span class='ocrx_word' id='word_1_135' title='bbox 74 1156 152 1188; x_wconf 88' lang='lat' dir='ltr'>dem</span> <span class='ocrx_word' id='word_1_136' title='bbox 178 1166 221 1188; x_wconf 91' lang='lat' dir='ltr'>eo</span> <span class='ocrx_word' id='word_1_137' title='bbox 246 1157 390 1188; x_wconf 85' lang='lat' dir='ltr'>omnino</span> <span class='ocrx_word' id='word_1_138' title='bbox 416 1165 546 1189; x_wconf 82' lang='lat' dir='ltr'>carere.</span> 
     </span>
    </p>
   </div>
   <div class='ocr_carea' id='block_1_9' title="bbox 599 1155 1435 1198">
    <p class='ocr_par' dir='ltr' id='par_1_9' title="bbox 599 1155 1435 1198">
     <span class='ocr_line' id='line_1_19' title="bbox 599 1155 1435 1198; baseline -0.001 -10"><span class='ocrx_word' id='word_1_139' title='bbox 599 1155 670 1188; x_wconf 90' lang='lat' dir='ltr'>Sed</span> <span class='ocrx_word' id='word_1_140' title='bbox 697 1156 765 1188; x_wconf 85' lang='lat' dir='ltr'>hoc</span> <span class='ocrx_word' id='word_1_141' title='bbox 788 1160 868 1187; x_wconf 89' lang='lat' dir='ltr'>utut</span> <span class='ocrx_word' id='word_1_142' title='bbox 891 1160 962 1195; x_wconf 86' lang='lat' dir='ltr'>est,</span> <span class='ocrx_word' id='word_1_143' title='bbox 987 1155 1196 1187; x_wconf 83' lang='lat' dir='ltr'>sententiam</span> <span class='ocrx_word' id='word_1_144' title='bbox 1221 1160 1315 1188; x_wconf 85' lang='lat' dir='ltr'>certe</span> <span class='ocrx_word' id='word_1_145' title='bbox 1339 1161 1435 1198; x_wconf 81' lang='lat' dir='ltr'>patet</span> 
     </span>
    </p>
   </div>
   <div class='ocr_carea' id='block_1_10' title="bbox 73 1201 1432 1290">
    <p class='ocr_par' dir='ltr' id='par_1_10' title="bbox 73 1201 1432 1290">
     <span class='ocr_line' id='line_1_20' title="bbox 74 1201 1432 1243; baseline 0 -9"><span class='ocrx_word' id='word_1_146' title='bbox 74 1211 170 1235; x_wconf 83' lang='lat' dir='ltr'>esse</span> <span class='ocrx_word' id='word_1_147' title='bbox 195 1202 317 1234; x_wconf 70' lang='lat' dir='ltr'>hancz</span> <span class='ocrx_word' id='word_1_148' title='bbox 346 1203 418 1243; x_wconf 90' lang='lat' dir='ltr'>qui</span> <span class='ocrx_word' id='word_1_149' title='bbox 443 1202 737 1243; x_wconf 81' lang='lat' dir='ltr'>legislatoris,</span> <span class='ocrx_word' id='word_1_150' title='bbox 763 1207 804 1233; x_wconf 86' lang='lat' dir='ltr'>et</span> <span class='ocrx_word' id='word_1_151' title='bbox 830 1202 952 1242; x_wconf 83' lang='lat' dir='ltr'>leges</span> <span class='ocrx_word' id='word_1_152' title='bbox 977 1201 1164 1233; x_wconf 81' lang='lat' dir='ltr'>ferentis</span> <span class='ocrx_word' id='word_1_153' title='bbox 1191 1207 1231 1233; x_wconf 81' lang='lat' dir='ltr'>et</span> <span class='ocrx_word' id='word_1_154' title='bbox 1256 1203 1432 1234; x_wconf 82' lang='lat' dir='ltr'>laudan-</span> 
     </span>
     <span class='ocr_line' id='line_1_21' title="bbox 73 1248 1432 1290; baseline 0.001 -10"><span class='ocrx_word' id='word_1_155' title='bbox 73 1249 132 1280; x_wconf 78' lang='lat' dir='ltr'>tis</span> <span class='ocrx_word' id='word_1_156' title='bbox 150 1258 198 1280; x_wconf 86' lang='lat' dir='ltr'>ac</span> <span class='ocrx_word' id='word_1_157' title='bbox 222 1248 593 1290; x_wconf 74' lang='lat' dir='ltr'>reprehendentis</span> <span class='ocrx_word' id='word_1_158' title='bbox 615 1249 798 1290; x_wconf 87' lang='lat' dir='ltr'>scriptis</span> <span class='ocrx_word' id='word_1_159' title='bbox 824 1248 1125 1289; x_wconf 86' lang='lat' dir='ltr'>obtemperans</span> <span class='ocrx_word' id='word_1_160' title='bbox 1142 1249 1275 1280; x_wconf 83' lang='lat' dir='ltr'>vitam</span> <span class='ocrx_word' id='word_1_161' title='bbox 1295 1253 1432 1281; x_wconf 82' lang='lat' dir='ltr'>trans-</span> 
     </span>
    </p>
   </div>
   <div class='ocr_carea' id='block_1_11' title="bbox 74 1296 232 1336">
    <p class='ocr_par' dir='ltr' id='par_1_11' title="bbox 74 1296 232 1336">
     <span class='ocr_line' id='line_1_22' title="bbox 74 1296 232 1336; baseline -0.006 -9"><span class='ocrx_word' id='word_1_162' title='bbox 74 1296 232 1336; x_wconf 81' lang='lat' dir='ltr'>egerit.</span> 
     </span>
    </p>
   </div>
   <div class='ocr_carea' id='block_1_12' title="bbox 282 1294 1432 1339">
    <p class='ocr_par' dir='ltr' id='par_1_12' title="bbox 282 1294 1432 1339">
     <span class='ocr_line' id='line_1_23' title="bbox 282 1294 1432 1339; baseline 0.002 -14"><span class='ocrx_word' id='word_1_163' title='bbox 282 1294 399 1326; x_wconf 80' lang='lat' dir='ltr'>Etiam</span> <span class='ocrx_word' id='word_1_164' title='bbox 424 1294 569 1327; x_wconf 85' lang='lat' dir='ltr'>Ficinus</span> <span class='ocrx_word' id='word_1_165' title='bbox 601 1294 802 1334; x_wconf 77' lang='grc' dir='ltr'><strong><em>νομοθέτου</em></strong></span> <span class='ocrx_word' id='word_1_166' title='bbox 833 1295 1126 1335; x_wconf 83' lang='lat' dir='ltr'>interpretatione</span> <span class='ocrx_word' id='word_1_167' title='bbox 1151 1304 1219 1339; x_wconf 58' lang='lat' dir='ltr'>suq</span> <span class='ocrx_word' id='word_1_168' title='bbox 1247 1296 1432 1336; x_wconf 78' lang='lat' dir='ltr'>expressit.</span> 
     </span>
    </p>
   </div>
   <div class='ocr_carea' id='block_1_13' title="bbox 74 1339 1433 1384">
    <p class='ocr_par' dir='ltr' id='par_1_13' title="bbox 74 1339 1433 1384">
     <span class='ocr_line' id='line_1_24' title="bbox 74 1339 1433 1384; baseline 0.001 -10"><span class='ocrx_word' id='word_1_169' title='bbox 74 1340 299 1383; x_wconf 81' lang='lat' dir='ltr'>Receperunt</span> <span class='ocrx_word' id='word_1_170' title='bbox 330 1340 531 1381; x_wconf 51' lang='grc' dir='ltr'><strong><em>νομοθέτου</em></strong></span> <span class='ocrx_word' id='word_1_171' title='bbox 562 1351 675 1384; x_wconf 80' lang='lat' dir='ltr'>nuper</span> <span class='ocrx_word' id='word_1_172' title='bbox 705 1342 811 1373; x_wconf 86' lang='lat' dir='ltr'>etiam</span> <span class='ocrx_word' id='word_1_173' title='bbox 842 1341 1035 1373; x_wconf 83' lang='lat' dir='ltr'>Hermann.</span> <span class='ocrx_word' id='word_1_174' title='bbox 1068 1339 1273 1374; x_wconf 83' lang='lat' dir='ltr'>Schneider.</span> <span class='ocrx_word' id='word_1_175' title='bbox 1301 1341 1433 1376; x_wconf 82' lang='lat' dir='ltr'>Baiter.</span> 
     </span>
    </p>
   </div>
   <div class='ocr_carea' id='block_1_14' title="bbox 75 1478 729 2717">
    <p class='ocr_par' dir='ltr' id='par_1_14' title="bbox 75 1478 729 2717">
     <span class='ocr_line' id='line_1_25' title="bbox 75 1478 719 1520; baseline 0 -10"><span class='ocrx_word' id='word_1_176' title='bbox 75 1487 206 1520; x_wconf 73' lang='lat' dir='ltr'>susque</span> <span class='ocrx_word' id='word_1_177' title='bbox 230 1478 418 1520; x_wconf 81' lang='lat' dir='ltr'>profitetur</span> <span class='ocrx_word' id='word_1_178' title='bbox 437 1488 519 1510; x_wconf 87' lang='lat' dir='ltr'>mox</span> <span class='ocrx_word' id='word_1_179' title='bbox 534 1488 567 1520; x_wconf 90' lang='lat' dir='ltr'>p.</span> <span class='ocrx_word' id='word_1_180' title='bbox 583 1478 662 1514; x_wconf 79' lang='lat'>823.</span> <span class='ocrx_word' id='word_1_181' title='bbox 680 1478 719 1510; x_wconf 85' lang='lat' dir='ltr'>C.</span> 
     </span>
     <span class='ocr_line' id='line_1_26' title="bbox 75 1524 720 1566; baseline 0.002 -10"><span class='ocrx_word' id='word_1_182' title='bbox 75 1524 174 1557; x_wconf 79' lang='lat' dir='ltr'>Haec</span> <span class='ocrx_word' id='word_1_183' title='bbox 207 1525 318 1565; x_wconf 88' lang='lat' dir='ltr'>igitur</span> <span class='ocrx_word' id='word_1_184' title='bbox 361 1525 395 1555; x_wconf 94' lang='lat' dir='ltr'>in</span> <span class='ocrx_word' id='word_1_185' title='bbox 437 1529 512 1556; x_wconf 85' lang='lat' dir='ltr'>tuto</span> <span class='ocrx_word' id='word_1_186' title='bbox 557 1531 720 1566; x_wconf 76' lang='lat' dir='ltr'>putamus</span> 
     </span>
     <span class='ocr_line' id='line_1_27' title="bbox 76 1569 722 1613; baseline 0 -11"><span class='ocrx_word' id='word_1_187' title='bbox 76 1580 165 1602; x_wconf 80' lang='lat' dir='ltr'>esse.</span> <span class='ocrx_word' id='word_1_188' title='bbox 212 1569 349 1608; x_wconf 87' lang='lat' dir='ltr'>Quibus</span> <span class='ocrx_word' id='word_1_189' title='bbox 373 1571 557 1611; x_wconf 81' lang='lat' dir='ltr'>explicatis</span> <span class='ocrx_word' id='word_1_190' title='bbox 583 1572 722 1613; x_wconf 85' lang='lat' dir='ltr'>reliqua</span> 
     </span>
     <span class='ocr_line' id='line_1_28' title="bbox 76 1616 721 1657; baseline 0.003 -10"><span class='ocrx_word' id='word_1_191' title='bbox 76 1616 165 1648; x_wconf 83' lang='lat' dir='ltr'>nihil</span> <span class='ocrx_word' id='word_1_192' title='bbox 189 1617 340 1657; x_wconf 82' lang='lat' dir='ltr'>amplius</span> <span class='ocrx_word' id='word_1_193' title='bbox 359 1617 578 1649; x_wconf 79' lang='lat' dir='ltr'>difficultatis</span> <span class='ocrx_word' id='word_1_194' title='bbox 591 1618 721 1649; x_wconf 83' lang='lat' dir='ltr'>habere</span> 
     </span>
     <span class='ocr_line' id='line_1_29' title="bbox 76 1662 718 1700; baseline 0.003 -7"><span class='ocrx_word' id='word_1_195' title='bbox 76 1662 254 1694; x_wconf 80' lang='lat' dir='ltr'>videntur.</span> <span class='ocrx_word' id='word_1_196' title='bbox 319 1662 420 1700; x_wconf 72' lang='lat' dir='ltr'>Patet</span> <span class='ocrx_word' id='word_1_197' title='bbox 459 1664 551 1694; x_wconf 88' lang='lat' dir='ltr'>enim</span> <span class='ocrx_word' id='word_1_198' title='bbox 592 1664 638 1695; x_wconf 86' lang='lat' dir='ltr'>ad</span> <span class='ocrx_word' id='word_1_199' title='bbox 668 1662 718 1694; x_wconf 81' lang='grc' dir='ltr'>λέ·</span> 
     </span>
     <span class='ocr_line' id='line_1_30' title="bbox 75 1707 722 1750; baseline 0.002 -10"><span class='ocrx_word' id='word_1_200' title='bbox 75 1716 197 1750; x_wconf 74' lang='grc' dir='ltr'><strong><em>γοντεε</em></strong></span> <span class='ocrx_word' id='word_1_201' title='bbox 212 1726 250 1737; x_wconf 44' lang='lat' dir='ltr'>q</span> <span class='ocrx_word' id='word_1_202' title='bbox 266 1707 380 1750; x_wconf 84' lang='grc' dir='ltr'><strong><em>γέμειν</em></strong></span> <span class='ocrx_word' id='word_1_203' title='bbox 401 1710 631 1750; x_wconf 88' lang='lat' dir='ltr'>repetendum</span> <span class='ocrx_word' id='word_1_204' title='bbox 643 1720 722 1741; x_wconf 84' lang='lat' dir='ltr'>esse</span> 
     </span>
     <span class='ocr_line' id='line_1_31' title="bbox 76 1753 722 1795; baseline 0.003 -10"><span class='ocrx_word' id='word_1_205' title='bbox 76 1753 207 1795; x_wconf 83' lang='grc' dir='ltr'><strong><em>φαμέν,</em></strong></span> <span class='ocrx_word' id='word_1_206' title='bbox 248 1759 288 1786; x_wconf 86' lang='lat' dir='ltr'>ut</span> <span class='ocrx_word' id='word_1_207' title='bbox 324 1756 563 1787; x_wconf 74' lang='lat' dir='ltr'>nominativus</span> <span class='ocrx_word' id='word_1_208' title='bbox 599 1757 722 1788; x_wconf 87' lang='lat' dir='ltr'>rectis-</span> 
     </span>
     <span class='ocr_line' id='line_1_32' title="bbox 77 1801 721 1833; baseline 0.002 -1"><span class='ocrx_word' id='word_1_209' title='bbox 77 1801 165 1832; x_wconf 76' lang='lat' dir='ltr'>sime</span> <span class='ocrx_word' id='word_1_210' title='bbox 201 1809 279 1832; x_wconf 88' lang='lat' dir='ltr'>sese</span> <span class='ocrx_word' id='word_1_211' title='bbox 317 1801 455 1832; x_wconf 84' lang='lat' dir='ltr'>habeat.</span> <span class='ocrx_word' id='word_1_212' title='bbox 525 1802 591 1832; x_wconf 86' lang='lat' dir='ltr'>Est</span> <span class='ocrx_word' id='word_1_213' title='bbox 629 1803 721 1833; x_wconf 88' lang='lat' dir='ltr'>enim</span> 
     </span>
     <span class='ocr_line' id='line_1_33' title="bbox 76 1846 718 1878; baseline 0 0"><span class='ocrx_word' id='word_1_214' title='bbox 76 1846 265 1878; x_wconf 84' lang='lat' dir='ltr'>verborum</span> <span class='ocrx_word' id='word_1_215' title='bbox 290 1847 493 1878; x_wconf 81' lang='lat' dir='ltr'>consecutio</span> <span class='ocrx_word' id='word_1_216' title='bbox 527 1847 630 1878; x_wconf 80' lang='lat' dir='ltr'>haec.</span> <span class='ocrx_word' id='word_1_217' title='bbox 669 1846 718 1878; x_wconf 81' lang='grc' dir='ltr'>λέ·</span> 
     </span>
     <span class='ocr_line' id='line_1_34' title="bbox 79 1887 720 1933; baseline 0.002 -10"><span class='ocrx_word' id='word_1_218' title='bbox 79 1891 200 1933; x_wconf 66' lang='lat' dir='ltr'>yonnis·</span> <span class='ocrx_word' id='word_1_219' title='bbox 232 1902 266 1923; x_wconf 82' lang='grc' dir='ltr'>τε</span> <span class='ocrx_word' id='word_1_220' title='bbox 301 1891 440 1923; x_wconf 74' lang='grc' dir='ltr'><strong><em>οἴεσθαι</em></strong></span> <span class='ocrx_word' id='word_1_221' title='bbox 471 1887 516 1923; x_wconf 78' lang='grc' dir='ltr'>αι’·</span> <span class='ocrx_word' id='word_1_222' title='bbox 521 1890 559 1923; x_wconf 83' lang='grc' dir='ltr'>τὰ</span> <span class='ocrx_word' id='word_1_223' title='bbox 591 1888 638 1924; x_wconf 76' lang='grc' dir='ltr'>ωε·</span> <span class='ocrx_word' id='word_1_224' title='bbox 662 1891 720 1924; x_wconf 78' lang='grc' dir='ltr'>νό-</span> 
     </span>
     <span class='ocr_line' id='line_1_35' title="bbox 78 1932 723 1981; baseline 0 -11"><span class='ocrx_word' id='word_1_225' title='bbox 78 1946 168 1977; x_wconf 72' lang='grc' dir='ltr'><strong><em>μους</em></strong></span> <span class='ocrx_word' id='word_1_226' title='bbox 212 1932 263 1968; x_wconf 76' lang='grc' dir='ltr'>εἶτ</span> <span class='ocrx_word' id='word_1_227' title='bbox 266 1949 300 1968; x_wconf 83' lang='grc' dir='ltr'>αι</span> <span class='ocrx_word' id='word_1_228' title='bbox 348 1937 554 1976; x_wconf 72' lang='grc' dir='ltr'><strong><em>τιθεμένοις</em></strong></span> <span class='ocrx_word' id='word_1_229' title='bbox 596 1939 723 1981; x_wconf 70' lang='grc' dir='ltr'><strong><em>πολλῆς</em></strong></span> 
     </span>
     <span class='ocr_line' id='line_1_36' title="bbox 78 1979 723 2038; baseline 0 -22"><span class='ocrx_word' id='word_1_230' title='bbox 78 1979 202 2016; x_wconf 71' lang='grc' dir='ltr'><strong><em>ἀνοίας</em></strong></span> <span class='ocrx_word' id='word_1_231' title='bbox 227 1981 352 2038; x_wconf 69' lang='grc' dir='ltr'><strong><em>γέμειν.</em></strong></span> <span class='ocrx_word' id='word_1_232' title='bbox 411 1982 632 2026; x_wconf 78' lang='lat' dir='ltr'>Quamquam</span> <span class='ocrx_word' id='word_1_233' title='bbox 657 1995 723 2026; x_wconf 87' lang='lat' dir='ltr'>pro</span> 
     </span>
     <span class='ocr_line' id='line_1_37' title="bbox 80 2025 723 2072; baseline 0.003 -11"><span class='ocrx_word' id='word_1_234' title='bbox 80 2041 124 2062; x_wconf 84' lang='grc' dir='ltr'>ου</span> <span class='ocrx_word' id='word_1_235' title='bbox 157 2029 223 2072; x_wconf 81' lang='grc' dir='ltr'>γὰρ</span> <span class='ocrx_word' id='word_1_236' title='bbox 259 2025 390 2071; x_wconf 77' lang='grc' dir='ltr'><strong><em>α”ῥρητα</em></strong></span> <span class='ocrx_word' id='word_1_237' title='bbox 430 2030 582 2062; x_wconf 85' lang='lat' dir='ltr'>fortasse</span> <span class='ocrx_word' id='word_1_238' title='bbox 618 2032 723 2063; x_wconf 82' lang='lat' dir='ltr'>etiam</span> 
     </span>
     <span class='ocr_line' id='line_1_38' title="bbox 80 2075 722 2109; baseline 0 0"><span class='ocrx_word' id='word_1_239' title='bbox 80 2077 212 2109; x_wconf 81' lang='lat' dir='ltr'>rectius</span> <span class='ocrx_word' id='word_1_240' title='bbox 236 2075 346 2108; x_wconf 76' lang='lat' dir='ltr'>fuerit</span> <span class='ocrx_word' id='word_1_241' title='bbox 369 2081 404 2108; x_wconf 91' lang='lat' dir='ltr'>et</span> <span class='ocrx_word' id='word_1_242' title='bbox 429 2077 623 2108; x_wconf 84' lang='lat' dir='ltr'>sententiae</span> <span class='ocrx_word' id='word_1_243' title='bbox 638 2078 722 2109; x_wconf 87' lang='lat' dir='ltr'>alibi</span> 
     </span>
     <span class='ocr_line' id='line_1_39' title="bbox 78 2120 723 2155; baseline 0 0"><span class='ocrx_word' id='word_1_244' title='bbox 78 2123 282 2155; x_wconf 80' lang='lat' dir='ltr'>enuntiatae</span> <span class='ocrx_word' id='word_1_245' title='bbox 314 2123 598 2154; x_wconf 85' lang='lat' dir='ltr'>convenientius:</span> <span class='ocrx_word' id='word_1_246' title='bbox 643 2120 723 2155; x_wconf 78' lang='grc' dir='ltr'><strong><em>οὔτε</em></strong></span> 
     </span>
     <span class='ocr_line' id='line_1_40' title="bbox 80 2164 723 2211; baseline 0.003 -11"><span class='ocrx_word' id='word_1_247' title='bbox 80 2166 144 2211; x_wconf 75' lang='grc' dir='ltr'>γὰρ</span> <span class='ocrx_word' id='word_1_248' title='bbox 168 2164 312 2211; x_wconf 76' lang='grc' dir='ltr'><strong><em>ἆρ’ῥητα,</em></strong></span> <span class='ocrx_word' id='word_1_249' title='bbox 336 2173 374 2200; x_wconf 88' lang='lat' dir='ltr'>ut</span> <span class='ocrx_word' id='word_1_250' title='bbox 401 2166 482 2200; x_wconf 80' lang='grc' dir='ltr'><strong><em>οὔτε</em></strong></span> <span class='ocrx_word' id='word_1_251' title='bbox 505 2173 541 2200; x_wconf 90' lang='lat' dir='ltr'>et</span> <span class='ocrx_word' id='word_1_252' title='bbox 566 2179 599 2200; x_wconf 82' lang='grc' dir='ltr'>τε</span> <span class='ocrx_word' id='word_1_253' title='bbox 622 2169 667 2201; x_wconf 84' lang='lat' dir='ltr'>ad</span> <span class='ocrx_word' id='word_1_254' title='bbox 685 2180 723 2202; x_wconf 85' lang='lat' dir='ltr'>se</span> 
     </span>
     <span class='ocr_line' id='line_1_41' title="bbox 78 2214 721 2257; baseline 0.002 -11"><span class='ocrx_word' id='word_1_255' title='bbox 78 2215 228 2246; x_wconf 86' lang='lat' dir='ltr'>invicem</span> <span class='ocrx_word' id='word_1_256' title='bbox 256 2214 466 2254; x_wconf 83' lang='lat' dir='ltr'>referantur,</span> <span class='ocrx_word' id='word_1_257' title='bbox 491 2215 596 2246; x_wconf 85' lang='lat' dir='ltr'>sicuti</span> <span class='ocrx_word' id='word_1_258' title='bbox 616 2215 721 2257; x_wconf 84' lang='lat' dir='ltr'><strong>Apol.</strong></span> 
     </span>
     <span class='ocr_line' id='line_1_42' title="bbox 79 2259 718 2302; baseline 0.002 -10"><span class='ocrx_word' id='word_1_259' title='bbox 79 2259 179 2293; x_wconf 86' lang='lat' dir='ltr'>Socr.</span> <span class='ocrx_word' id='word_1_260' title='bbox 196 2271 229 2302; x_wconf 89' lang='lat' dir='ltr'>p.</span> <span class='ocrx_word' id='word_1_261' title='bbox 248 2260 306 2294; x_wconf 81' lang='lat'>26.</span> <span class='ocrx_word' id='word_1_262' title='bbox 338 2260 377 2292; x_wconf 89' lang='lat' dir='ltr'>C.</span> <span class='ocrx_word' id='word_1_263' title='bbox 397 2259 558 2302; x_wconf 86' lang='lat' dir='ltr'>Sympos.</span> <span class='ocrx_word' id='word_1_264' title='bbox 583 2260 660 2295; x_wconf 68' lang='lat'>223.</span> <span class='ocrx_word' id='word_1_265' title='bbox 679 2260 718 2293; x_wconf 90' lang='lat' dir='ltr'>C.</span> 
     </span>
     <span class='ocr_line' id='line_1_43' title="bbox 79 2306 722 2348; baseline 0 -9"><span class='ocrx_word' id='word_1_266' title='bbox 79 2307 125 2339; x_wconf 81' lang='lat' dir='ltr'>al.</span> <span class='ocrx_word' id='word_1_267' title='bbox 149 2306 217 2338; x_wconf 87' lang='lat' dir='ltr'>hoc</span> <span class='ocrx_word' id='word_1_268' title='bbox 247 2317 372 2339; x_wconf 79' lang='lat' dir='ltr'>sensu:</span> <span class='ocrx_word' id='word_1_269' title='bbox 403 2317 493 2339; x_wconf 91' lang='lat' dir='ltr'>nam</span> <span class='ocrx_word' id='word_1_270' title='bbox 529 2308 722 2348; x_wconf 85' lang='lat' dir='ltr'>quemad-</span> 
     </span>
     <span class='ocr_line' id='line_1_44' title="bbox 81 2353 723 2386; baseline 0 -1"><span class='ocrx_word' id='word_1_271' title='bbox 81 2353 248 2385; x_wconf 83' lang='lat' dir='ltr'>modum</span> <span class='ocrx_word' id='word_1_272' title='bbox 283 2363 333 2385; x_wconf 88' lang='lat' dir='ltr'>ea</span> <span class='ocrx_word' id='word_1_273' title='bbox 376 2363 599 2385; x_wconf 84' lang='lat' dir='ltr'>censemus</span> <span class='ocrx_word' id='word_1_274' title='bbox 636 2363 723 2386; x_wconf 92' lang='lat' dir='ltr'>non</span> 
     </span>
     <span class='ocr_line' id='line_1_45' title="bbox 80 2398 724 2441; baseline 0.003 -11"><span class='ocrx_word' id='word_1_275' title='bbox 80 2398 251 2431; x_wconf 83' lang='lat' dir='ltr'>indicta</span> <span class='ocrx_word' id='word_1_276' title='bbox 283 2409 375 2432; x_wconf 84' lang='lat' dir='ltr'>esse</span> <span class='ocrx_word' id='word_1_277' title='bbox 405 2403 631 2441; x_wconf 80' lang='lat' dir='ltr'>oportere,</span> <span class='ocrx_word' id='word_1_278' title='bbox 659 2401 724 2432; x_wconf 85' lang='lat' dir='ltr'>ita</span> 
     </span>
     <span class='ocr_line' id='line_1_46' title="bbox 82 2445 725 2478; baseline 0.005 -3"><span class='ocrx_word' id='word_1_279' title='bbox 82 2445 181 2476; x_wconf 75' lang='lat' dir='ltr'>item</span> <span class='ocrx_word' id='word_1_280' title='bbox 218 2453 298 2478; x_wconf 84' lang='lat' dir='ltr'>nos</span> <span class='ocrx_word' id='word_1_281' title='bbox 338 2445 608 2478; x_wconf 84' lang='lat' dir='ltr'>arbitramur</span> <span class='ocrx_word' id='word_1_282' title='bbox 644 2455 725 2478; x_wconf 86' lang='lat' dir='ltr'>ma-</span> 
     </span>
     <span class='ocr_line' id='line_1_47' title="bbox 82 2492 724 2530; baseline 0.005 -9"><span class='ocrx_word' id='word_1_283' title='bbox 82 2499 189 2530; x_wconf 76' lang='lat' dir='ltr'>gnae</span> <span class='ocrx_word' id='word_1_284' title='bbox 236 2493 509 2524; x_wconf 84' lang='lat' dir='ltr'>temeritatis</span> <span class='ocrx_word' id='word_1_285' title='bbox 558 2492 724 2525; x_wconf 86' lang='lat' dir='ltr'>crimen</span> 
     </span>
     <span class='ocr_line' id='line_1_48' title="bbox 84 2535 723 2575; baseline 0.005 -9"><span class='ocrx_word' id='word_1_286' title='bbox 84 2535 250 2575; x_wconf 80' lang='lat' dir='ltr'>subire,</span> <span class='ocrx_word' id='word_1_287' title='bbox 284 2537 321 2568; x_wconf 81' lang='lat' dir='ltr'>si</span> <span class='ocrx_word' id='word_1_288' title='bbox 354 2547 402 2571; x_wconf 88' lang='lat' dir='ltr'>ea</span> <span class='ocrx_word' id='word_1_289' title='bbox 434 2538 626 2572; x_wconf 73' lang='lat' dir='ltr'>dicamus</span> <span class='ocrx_word' id='word_1_290' title='bbox 658 2544 723 2571; x_wconf 88' lang='lat' dir='ltr'>etc.</span> 
     </span>
     <span class='ocr_line' id='line_1_49' title="bbox 85 2580 724 2626; baseline 0.005 -13"><span class='ocrx_word' id='word_1_291' title='bbox 85 2581 142 2613; x_wconf 78' lang='lat' dir='ltr'>Ad</span> <span class='ocrx_word' id='word_1_292' title='bbox 171 2580 309 2613; x_wconf 79' lang='grc' dir='ltr'><strong><em>οἴεσθαι</em></strong></span> <span class='ocrx_word' id='word_1_293' title='bbox 333 2593 378 2615; x_wconf 79' lang='lat' dir='ltr'>ne</span> <span class='ocrx_word' id='word_1_294' title='bbox 411 2586 491 2625; x_wconf 87' lang='lat' dir='ltr'>quis</span> <span class='ocrx_word' id='word_1_295' title='bbox 523 2588 622 2626; x_wconf 83' lang='lat' dir='ltr'>putet</span> <span class='ocrx_word' id='word_1_296' title='bbox 653 2582 724 2616; x_wconf 73' lang='grc' dir='ltr'><strong><em>δεῖν</em></strong></span> 
     </span>
     <span class='ocr_line' id='line_1_50' title="bbox 85 2627 725 2672; baseline 0.009 -14"><span class='ocrx_word' id='word_1_297' title='bbox 85 2627 351 2668; x_wconf 78' lang='lat' dir='ltr'>intelligendum</span> <span class='ocrx_word' id='word_1_298' title='bbox 370 2630 512 2672; x_wconf 79' lang='lat' dir='ltr'>reliqui,</span> <span class='ocrx_word' id='word_1_299' title='bbox 524 2631 725 2664; x_wconf 74' lang='lat' dir='ltr'>meminisse</span> 
     </span>
     <span class='ocr_line' id='line_1_51' title="bbox 84 2673 729 2717; baseline 0.008 -14"><span class='ocrx_word' id='word_1_300' title='bbox 84 2673 219 2706; x_wconf 82' lang='lat' dir='ltr'>iuvabit</span> <span class='ocrx_word' id='word_1_301' title='bbox 259 2673 294 2704; x_wconf 87' lang='lat' dir='ltr'>in</span> <span class='ocrx_word' id='word_1_302' title='bbox 333 2675 439 2707; x_wconf 73' lang='lat' dir='ltr'>verbo</span> <span class='ocrx_word' id='word_1_303' title='bbox 479 2677 637 2717; x_wconf 81' lang='lat' dir='ltr'>dicendi,</span> <span class='ocrx_word' id='word_1_304' title='bbox 683 2687 729 2710; x_wconf 74' lang='lat' dir='ltr'>ex</span> 
     </span>
    </p>
   </div>
   <div class='ocr_carea' id='block_1_15' title="bbox 787 1478 1437 2719">
    <p class='ocr_par' dir='ltr' id='par_1_15' title="bbox 787 1478 1437 2719">
     <span class='ocr_line' id='line_1_52' title="bbox 789 1478 1434 1520; baseline 0 -10"><span class='ocrx_word' id='word_1_305' title='bbox 789 1488 859 1520; x_wconf 92' lang='lat' dir='ltr'>quo</span> <span class='ocrx_word' id='word_1_306' title='bbox 885 1479 1081 1510; x_wconf 88' lang='lat' dir='ltr'>infinitivus</span> <span class='ocrx_word' id='word_1_307' title='bbox 1106 1478 1354 1520; x_wconf 85' lang='lat' dir='ltr'>suspenditur,</span> <span class='ocrx_word' id='word_1_308' title='bbox 1376 1479 1434 1510; x_wconf 88' lang='lat' dir='ltr'>iu-</span> 
     </span>
     <span class='ocr_line' id='line_1_53' title="bbox 788 1524 1434 1566; baseline 0 -10"><span class='ocrx_word' id='word_1_309' title='bbox 788 1524 924 1556; x_wconf 90' lang='lat' dir='ltr'>bendi</span> <span class='ocrx_word' id='word_1_310' title='bbox 958 1526 1132 1558; x_wconf 83' lang='lat' dir='ltr'>contineri</span> <span class='ocrx_word' id='word_1_311' title='bbox 1160 1525 1228 1556; x_wconf 90' lang='lat' dir='ltr'>vim</span> <span class='ocrx_word' id='word_1_312' title='bbox 1254 1535 1296 1556; x_wconf 84' lang='lat' dir='ltr'>ao</span> <span class='ocrx_word' id='word_1_313' title='bbox 1326 1525 1434 1566; x_wconf 87' lang='lat' dir='ltr'>signi-</span> 
     </span>
     <span class='ocr_line' id='line_1_54' title="bbox 787 1570 1434 1613; baseline -0.002 -10"><span class='ocrx_word' id='word_1_314' title='bbox 787 1570 999 1611; x_wconf 83' lang='lat' dir='ltr'>ficationem,</span> <span class='ocrx_word' id='word_1_315' title='bbox 1021 1572 1064 1603; x_wconf 92' lang='lat' dir='ltr'>de</span> <span class='ocrx_word' id='word_1_316' title='bbox 1091 1582 1161 1613; x_wconf 85' lang='lat' dir='ltr'>quo</span> <span class='ocrx_word' id='word_1_317' title='bbox 1181 1581 1246 1602; x_wconf 83' lang='lat' dir='ltr'>usu</span> <span class='ocrx_word' id='word_1_318' title='bbox 1264 1571 1434 1612; x_wconf 88' lang='lat' dir='ltr'>loquendi</span> 
     </span>
     <span class='ocr_line' id='line_1_55' title="bbox 787 1616 1432 1658; baseline 0 -10"><span class='ocrx_word' id='word_1_319' title='bbox 787 1617 941 1649; x_wconf 84' lang='lat' dir='ltr'>diximus</span> <span class='ocrx_word' id='word_1_320' title='bbox 969 1618 1023 1649; x_wconf 79' lang='lat' dir='ltr'>ad=</span> <span class='ocrx_word' id='word_1_321' title='bbox 1045 1617 1191 1658; x_wconf 85' lang='lat' dir='ltr'>Protag.</span> <span class='ocrx_word' id='word_1_322' title='bbox 1219 1627 1253 1658; x_wconf 85' lang='lat' dir='ltr'>p.</span> <span class='ocrx_word' id='word_1_323' title='bbox 1280 1616 1360 1652; x_wconf 81' lang='lat'>346.</span> <span class='ocrx_word' id='word_1_324' title='bbox 1391 1617 1432 1649; x_wconf 83' lang='lat' dir='ltr'>B.</span> 
     </span>
     <span class='ocr_line' id='line_1_56' title="bbox 789 1663 1433 1705; baseline -0.002 -10"><span class='ocrx_word' id='word_1_325' title='bbox 789 1663 973 1696; x_wconf 81' lang='lat' dir='ltr'>Phaedon.</span> <span class='ocrx_word' id='word_1_326' title='bbox 999 1674 1032 1705; x_wconf 87' lang='lat' dir='ltr'>p.</span> <span class='ocrx_word' id='word_1_327' title='bbox 1049 1664 1105 1698; x_wconf 84' lang='lat'>95.</span> <span class='ocrx_word' id='word_1_328' title='bbox 1136 1663 1178 1695; x_wconf 85' lang='lat' dir='ltr'>B.</span> <span class='ocrx_word' id='word_1_329' title='bbox 1205 1664 1299 1695; x_wconf 81' lang='lat' dir='ltr'>conf.</span> <span class='ocrx_word' id='word_1_330' title='bbox 1329 1665 1433 1696; x_wconf 89' lang='lat' dir='ltr'>Her-</span> 
     </span>
     <span class='ocr_line' id='line_1_57' title="bbox 787 1709 1433 1752; baseline -0.002 -11"><span class='ocrx_word' id='word_1_331' title='bbox 787 1720 922 1742; x_wconf 83' lang='lat' dir='ltr'>mann.</span> <span class='ocrx_word' id='word_1_332' title='bbox 953 1710 998 1742; x_wconf 86' lang='lat' dir='ltr'>ad</span> <span class='ocrx_word' id='word_1_333' title='bbox 1025 1711 1146 1752; x_wconf 82' lang='lat' dir='ltr'>Viger.</span> <span class='ocrx_word' id='word_1_334' title='bbox 1178 1720 1212 1751; x_wconf 88' lang='lat' dir='ltr'>p.</span> <span class='ocrx_word' id='word_1_335' title='bbox 1238 1709 1317 1744; x_wconf 75' lang='lat'>743.</span> <span class='ocrx_word' id='word_1_336' title='bbox 1378 1710 1433 1741; x_wconf 83' lang='lat' dir='ltr'>Ex</span> 
     </span>
     <span class='ocr_line' id='line_1_58' title="bbox 789 1756 1434 1798; baseline 0 -11"><span class='ocrx_word' id='word_1_337' title='bbox 789 1766 858 1797; x_wconf 86' lang='lat' dir='ltr'>quo</span> <span class='ocrx_word' id='word_1_338' title='bbox 882 1756 1112 1796; x_wconf 74' lang='lat' dir='ltr'>intelligetur,</span> <span class='ocrx_word' id='word_1_339' title='bbox 1137 1756 1230 1788; x_wconf 87' lang='lat' dir='ltr'>unde</span> <span class='ocrx_word' id='word_1_340' title='bbox 1260 1766 1434 1798; x_wconf 86' lang='lat' dir='ltr'>provene-</span> 
     </span>
     <span class='ocr_line' id='line_1_59' title="bbox 789 1802 1431 1843; baseline 0.002 -10"><span class='ocrx_word' id='word_1_341' title='bbox 789 1803 836 1833; x_wconf 86' lang='lat' dir='ltr'>rit</span> <span class='ocrx_word' id='word_1_342' title='bbox 861 1807 1020 1833; x_wconf 73' lang='lat' dir='ltr'>n‘ostrum</span> <span class='ocrx_word' id='word_1_343' title='bbox 1040 1802 1126 1834; x_wconf 84' lang='lat' dir='ltr'>iliud</span> <span class='ocrx_word' id='word_1_344' title='bbox 1154 1802 1272 1834; x_wconf 87' lang='lat' dir='ltr'>credi</span> <span class='ocrx_word' id='word_1_345' title='bbox 1308 1813 1431 1843; x_wconf 84' lang='lat' dir='ltr'>opor-</span> 
     </span>
     <span class='ocr_line' id='line_1_60' title="bbox 789 1848 1432 1889; baseline 0.002 -10"><span class='ocrx_word' id='word_1_346' title='bbox 789 1851 904 1886; x_wconf 82' lang='lat' dir='ltr'>tere,</span> <span class='ocrx_word' id='word_1_347' title='bbox 951 1858 1022 1889; x_wconf 91' lang='lat' dir='ltr'>quo</span> <span class='ocrx_word' id='word_1_348' title='bbox 1056 1853 1161 1880; x_wconf 84' lang='lat' dir='ltr'>antea</span> <span class='ocrx_word' id='word_1_349' title='bbox 1204 1848 1260 1879; x_wconf 86' lang='lat' dir='ltr'>nsi</span> <span class='ocrx_word' id='word_1_350' title='bbox 1301 1858 1432 1880; x_wconf 83' lang='lat' dir='ltr'>sumus.</span> 
     </span>
     <span class='ocr_line' id='line_1_61' title="bbox 792 1893 1435 1934; baseline 0 -9"><span class='ocrx_word' id='word_1_351' title='bbox 792 1893 980 1925; x_wconf 83' lang='lat' dir='ltr'>Praeterea</span> <span class='ocrx_word' id='word_1_352' title='bbox 999 1894 1350 1925; x_wconf 85' lang='lat' dir='ltr'>animadvertendum</span> <span class='ocrx_word' id='word_1_353' title='bbox 1369 1900 1435 1934; x_wconf 83' lang='lat' dir='ltr'>est,</span> 
     </span>
     <span class='ocr_line' id='line_1_62' title="bbox 791 1939 1437 1982; baseline 0.005 -12"><span class='ocrx_word' id='word_1_354' title='bbox 791 1940 1015 1981; x_wconf 87' lang='lat' dir='ltr'>participium</span> <span class='ocrx_word' id='word_1_355' title='bbox 1056 1939 1261 1979; x_wconf 77' lang='grc' dir='ltr'><strong><em>τιθεμένους</em></strong></span> <span class='ocrx_word' id='word_1_356' title='bbox 1294 1941 1437 1982; x_wconf 73' lang='lat' dir='ltr'>praedi-‘</span> 
     </span>
     <span class='ocr_line' id='line_1_63' title="bbox 791 1983 1436 2025; baseline 0.002 -7"><span class='ocrx_word' id='word_1_357' title='bbox 791 1991 869 2018; x_wconf 87' lang='lat' dir='ltr'>cato</span> <span class='ocrx_word' id='word_1_358' title='bbox 912 1983 1045 2025; x_wconf 77' lang='grc' dir='ltr'><strong><em>νόμους</em></strong></span> <span class='ocrx_word' id='word_1_359' title='bbox 1080 1995 1157 2018; x_wconf 85' lang='lat' dir='ltr'>esse</span> <span class='ocrx_word' id='word_1_360' title='bbox 1193 1987 1436 2019; x_wconf 82' lang='lat' dir='ltr'>accommoda-</span> 
     </span>
     <span class='ocr_line' id='line_1_64' title="bbox 792 2033 1435 2074; baseline 0.003 -11"><span class='ocrx_word' id='word_1_361' title='bbox 792 2039 884 2070; x_wconf 87' lang='lat' dir='ltr'>tum,</span> <span class='ocrx_word' id='word_1_362' title='bbox 937 2043 1043 2074; x_wconf 90' lang='lat' dir='ltr'>quum</span> <span class='ocrx_word' id='word_1_363' title='bbox 1092 2033 1253 2064; x_wconf 83' lang='lat' dir='ltr'>debuerit</span> <span class='ocrx_word' id='word_1_364' title='bbox 1292 2034 1435 2074; x_wconf 87' lang='lat' dir='ltr'>proprie</span> 
     </span>
     <span class='ocr_line' id='line_1_65' title="bbox 790 2076 1436 2120; baseline 0.002 -10"><span class='ocrx_word' id='word_1_365' title='bbox 790 2077 896 2110; x_wconf 86' lang='lat' dir='ltr'>scribi</span> <span class='ocrx_word' id='word_1_366' title='bbox 923 2076 1095 2117; x_wconf 79' lang='grc' dir='ltr'><strong><em>τιθέμενα.</em></strong></span> <span class='ocrx_word' id='word_1_367' title='bbox 1133 2077 1247 2117; x_wconf 83' lang='lat' dir='ltr'>Quam</span> <span class='ocrx_word' id='word_1_368' title='bbox 1270 2080 1436 2120; x_wconf 82' lang='lat' dir='ltr'>syntaxin</span> 
     </span>
     <span class='ocr_line' id='line_1_66' title="bbox 790 2125 1435 2166; baseline 0.005 -11"><span class='ocrx_word' id='word_1_369' title='bbox 790 2125 860 2156; x_wconf 85' lang='lat' dir='ltr'>iam</span> <span class='ocrx_word' id='word_1_370' title='bbox 885 2125 968 2156; x_wconf 86' lang='lat' dir='ltr'>alibi</span> <span class='ocrx_word' id='word_1_371' title='bbox 996 2125 1215 2156; x_wconf 83' lang='lat' dir='ltr'>ostendimus</span> <span class='ocrx_word' id='word_1_372' title='bbox 1241 2126 1335 2166; x_wconf 86' lang='lat' dir='ltr'>apud</span> <span class='ocrx_word' id='word_1_373' title='bbox 1357 2126 1435 2158; x_wconf 75' lang='lat' dir='ltr'>Pla-</span> 
     </span>
     <span class='ocr_line' id='line_1_67' title="bbox 789 2171 1436 2213; baseline 0.003 -11"><span class='ocrx_word' id='word_1_374' title='bbox 789 2175 908 2202; x_wconf 87' lang='lat' dir='ltr'>tonem</span> <span class='ocrx_word' id='word_1_375' title='bbox 946 2171 1038 2202; x_wconf 89' lang='lat' dir='ltr'>adeo</span> <span class='ocrx_word' id='word_1_376' title='bbox 1087 2181 1164 2203; x_wconf 89' lang='lat' dir='ltr'>esse</span> <span class='ocrx_word' id='word_1_377' title='bbox 1204 2171 1436 2213; x_wconf 81' lang='lat' dir='ltr'>frequentem,</span> 
     </span>
     <span class='ocr_line' id='line_1_68' title="bbox 790 2217 1435 2260; baseline 0.005 -13"><span class='ocrx_word' id='word_1_378' title='bbox 790 2222 828 2248; x_wconf 87' lang='lat' dir='ltr'>nt</span> <span class='ocrx_word' id='word_1_379' title='bbox 844 2217 933 2248; x_wconf 85' lang='lat' dir='ltr'>nihil</span> <span class='ocrx_word' id='word_1_380' title='bbox 955 2217 1095 2257; x_wconf 86' lang='lat' dir='ltr'>habeat,</span> <span class='ocrx_word' id='word_1_381' title='bbox 1120 2218 1214 2260; x_wconf 88' lang='lat' dir='ltr'>quod</span> <span class='ocrx_word' id='word_1_382' title='bbox 1230 2228 1334 2259; x_wconf 88' lang='lat' dir='ltr'>quem</span> <span class='ocrx_word' id='word_1_383' title='bbox 1354 2228 1435 2260; x_wconf 87' lang='lat' dir='ltr'>pos-</span> 
     </span>
     <span class='ocr_line' id='line_1_69' title="bbox 788 2263 1434 2306; baseline 0.003 -12"><span class='ocrx_word' id='word_1_384' title='bbox 788 2264 835 2295; x_wconf 85' lang='lat' dir='ltr'>sit</span> <span class='ocrx_word' id='word_1_385' title='bbox 852 2263 977 2296; x_wconf 86' lang='lat' dir='ltr'>merito</span> <span class='ocrx_word' id='word_1_386' title='bbox 996 2263 1189 2297; x_wconf 79' lang='lat' dir='ltr'>offendere.</span> <span class='ocrx_word' id='word_1_387' title='bbox 1215 2275 1248 2295; x_wconf 90' lang='lat' dir='ltr'>v.</span> <span class='ocrx_word' id='word_1_388' title='bbox 1263 2266 1308 2296; x_wconf 85' lang='lat' dir='ltr'>ad</span> <span class='ocrx_word' id='word_1_389' title='bbox 1323 2263 1434 2306; x_wconf 82' lang='lat' dir='ltr'>Gorg.</span> 
     </span>
     <span class='ocr_line' id='line_1_70' title="bbox 793 2307 1409 2351; baseline 0.006 -10"><span class='ocrx_word' id='word_1_390' title='bbox 793 2320 824 2351; x_wconf 91' lang='lat' dir='ltr'>p.</span> <span class='ocrx_word' id='word_1_391' title='bbox 851 2308 932 2344; x_wconf 86' lang='lat'>463.</span> <span class='ocrx_word' id='word_1_392' title='bbox 957 2309 999 2342; x_wconf 83' lang='lat' dir='ltr'>E.</span> <span class='ocrx_word' id='word_1_393' title='bbox 1025 2310 1070 2342; x_wconf 86' lang='lat' dir='ltr'>al.</span> <span class='ocrx_word' id='word_1_394' title='bbox 1177 2307 1183 2318; x_wconf 94' lang='lat'><em>&#39;</em></span> <span class='ocrx_word' id='word_1_395' title='bbox 1399 2339 1409 2345; x_wconf 85' lang='lat'>.</span> 
     </span>
     <span class='ocr_line' id='line_1_71' title="bbox 861 2352 1432 2399; baseline 0.005 -13"><span class='ocrx_word' id='word_1_396' title='bbox 861 2355 1029 2387; x_wconf 60' lang='grc' dir='ltr'><strong><em>τοῦτον</em></strong></span> <span class='ocrx_word' id='word_1_397' title='bbox 1069 2352 1181 2388; x_wconf 76' lang='grc' dir='ltr'><strong><em>εἶναι</em></strong></span> <span class='ocrx_word' id='word_1_398' title='bbox 1227 2356 1298 2389; x_wconf 76' lang='grc' dir='ltr'>τὸν</span> <span class='ocrx_word' id='word_1_399' title='bbox 1341 2354 1432 2399; x_wconf 76' lang='grc' dir='ltr'>ἀγα-</span> 
     </span>
     <span class='ocr_line' id='line_1_72' title="bbox 792 2399 1433 2444; baseline 0.005 -11"><span class='ocrx_word' id='word_1_400' title='bbox 792 2399 897 2443; x_wconf 78' lang='grc' dir='ltr'><strong><em>θόν]</em></strong></span> <span class='ocrx_word' id='word_1_401' title='bbox 915 2400 980 2434; x_wconf 48' lang='grc' dir='ltr'>δερ</span> <span class='ocrx_word' id='word_1_402' title='bbox 1002 2402 1153 2444; x_wconf 78' lang='grc' dir='ltr'><strong><em>πολίτην.</em></strong></span> <span class='ocrx_word' id='word_1_403' title='bbox 1178 2403 1235 2435; x_wconf 85' lang='lat' dir='ltr'>Ex</span> <span class='ocrx_word' id='word_1_404' title='bbox 1252 2404 1433 2436; x_wconf 86' lang='lat' dir='ltr'>abundan-</span> 
     </span>
     <span class='ocr_line' id='line_1_73' title="bbox 792 2447 1434 2491; baseline 0.008 -14"><span class='ocrx_word' id='word_1_405' title='bbox 792 2447 819 2478; x_wconf 86' lang='lat' dir='ltr'>ti</span> <span class='ocrx_word' id='word_1_406' title='bbox 843 2447 931 2480; x_wconf 79' lang='lat' dir='ltr'>haec</span> <span class='ocrx_word' id='word_1_407' title='bbox 961 2454 1187 2482; x_wconf 86' lang='lat' dir='ltr'>accesserunt</span> <span class='ocrx_word' id='word_1_408' title='bbox 1215 2459 1278 2491; x_wconf 89' lang='lat' dir='ltr'>per</span> <span class='ocrx_word' id='word_1_409' title='bbox 1307 2460 1434 2485; x_wconf 81' lang='lat' dir='ltr'>anaco-</span> 
     </span>
     <span class='ocr_line' id='line_1_74' title="bbox 794 2493 1435 2537; baseline 0.006 -13"><span class='ocrx_word' id='word_1_410' title='bbox 794 2493 918 2526; x_wconf 82' lang='lat' dir='ltr'>luthon</span> <span class='ocrx_word' id='word_1_411' title='bbox 945 2495 1139 2535; x_wconf 65' lang='lat' dir='ltr'>quoddam</span> <span class='ocrx_word' id='word_1_412' title='bbox 1165 2501 1329 2537; x_wconf 86' lang='lat' dir='ltr'>poterant</span> <span class='ocrx_word' id='word_1_413' title='bbox 1343 2498 1435 2529; x_wconf 89' lang='lat' dir='ltr'>enim</span> 
     </span>
     <span class='ocr_line' id='line_1_75' title="bbox 794 2541 1434 2596; baseline 0.003 -24"><span class='ocrx_word' id='word_1_414' title='bbox 794 2541 969 2572; x_wconf 84' lang='lat' dir='ltr'>sententia</span> <span class='ocrx_word' id='word_1_415' title='bbox 992 2542 1160 2574; x_wconf 86' lang='lat' dir='ltr'>incolumi</span> <span class='ocrx_word' id='word_1_416' title='bbox 1186 2543 1289 2596; x_wconf 81' lang='lat' dir='ltr'>plane</span> <span class='ocrx_word' id='word_1_417' title='bbox 1307 2543 1434 2576; x_wconf 87' lang='lat' dir='ltr'>omitti.</span> 
     </span>
     <span class='ocr_line' id='line_1_76' title="bbox 795 2581 1434 2631; baseline 0.006 -14"><span class='ocrx_word' id='word_1_418' title='bbox 795 2602 834 2607; x_wconf 96' lang='lat'><strong>—</strong></span> <span class='ocrx_word' id='word_1_419' title='bbox 858 2584 1124 2628; x_wconf 78' lang='grc' dir='ltr'><strong><em>τελεώτερον</em></strong></span> <span class='ocrx_word' id='word_1_420' title='bbox 1149 2585 1193 2619; x_wconf 82' lang='grc' dir='ltr'>δὲ</span> <span class='ocrx_word' id='word_1_421' title='bbox 1219 2581 1299 2620; x_wconf 81' lang='grc' dir='ltr'>ὦδε</span> <span class='ocrx_word' id='word_1_422' title='bbox 1324 2600 1434 2631; x_wconf 82' lang='grc' dir='ltr'><strong><em>ειρη-</em></strong></span> 
     </span>
     <span class='ocr_line' id='line_1_77' title="bbox 794 2630 1433 2674; baseline 0.01 -13"><span class='ocrx_word' id='word_1_423' title='bbox 794 2630 867 2670; x_wconf 77' lang='grc' dir='ltr'>μέν</span> <span class='ocrx_word' id='word_1_424' title='bbox 877 2642 942 2670; x_wconf 84' lang='grc' dir='ltr'>οι</span> <span class='ocrx_word' id='word_1_425' title='bbox 989 2633 1257 2674; x_wconf 76' lang='lat' dir='ltr'>perfectius,</span> <span class='ocrx_word' id='word_1_426' title='bbox 1306 2646 1333 2668; x_wconf 89' lang='lat' dir='ltr'>s.</span> <span class='ocrx_word' id='word_1_427' title='bbox 1377 2645 1433 2667; x_wconf 85' lang='lat' dir='ltr'>re-</span> 
     </span>
     <span class='ocr_line' id='line_1_78' title="bbox 794 2678 1431 2719; baseline 0.003 -10"><span class='ocrx_word' id='word_1_428' title='bbox 794 2679 932 2719; x_wconf 58' lang='lat' dir='ltr'>ctiuss</span> <span class='ocrx_word' id='word_1_429' title='bbox 963 2679 1150 2713; x_wconf 75' lang='lat' dir='ltr'>dietum</span> <span class='ocrx_word' id='word_1_430' title='bbox 1187 2682 1279 2713; x_wconf 81' lang='lat' dir='ltr'>erit.</span> <span class='ocrx_word' id='word_1_431' title='bbox 1308 2700 1349 2707; x_wconf 80' lang='lat'>—-</span> <span class='ocrx_word' id='word_1_432' title='bbox 1390 2678 1431 2713; x_wconf 64' lang='lat' dir='ltr'>ni&lt;</span> 
     </span>
    </p>
   </div>
  </div>
 </body>
</html>
