1644 2886
270 81 324 122 30

759 79 1131 124 PLATONIS

1617 0 1644 123 3

1636 126 1644 174 i

267 193 476 252 ὲπιῤῥεῖν,’
512 193 755 248 ἀνάμνησις
789 192 827 237 δ’
864 197 978 236 ἐστιν
1001 193 1183 252 ἐπιῤῥοὴ
1209 195 1459 253 φρονήσεως
1485 199 1596 243 ἀπο-

267 260 509 312 λειπούσης,
557 259 622 302 διὸ
672 259 723 311 δὴ
770 259 964 313 γελώτων
1014 277 1057 302 τε
1103 262 1328 315 εἴργεσθαι
1373 264 1455 318 χρὴ
1510 268 1596 308 τῶν
1639 266 1644 301 3

265 328 458 377 ἐξαισίων
493 329 563 367 καὶ
601 324 819 382 δακρύων,
855 328 1166 382 παραγγέλλειν
1211 330 1254 370 δὲ
1291 333 1422 372 παντὶ
1460 330 1576 374 πάντ

311 562 349 595 C.
403 561 470 595 διὸ
508 561 556 605 δὴ
594 563 783 605 γελώτων
826 565 892 606 —]

265 608 451 642 Com-etsta
490 611 604 642 oratio
643 620 723 651 pro:
764 608 818 642 διὸ
855 609 897 652 δὴ

264 654 369 696 λέγειν
391 653 472 698 χρή,
499 652 550 687 ὅτι
579 653 632 688 δεῖ
653 654 804 698 γελώτων
829 657 894 698 εἴρ·

265 699 388 742 γεσθαι
413 711 442 732 κ.
470 712 496 731 τ.
523 702 548 732 λ.

305 746 370 777 καὶ
396 743 494 788 ὅλην
519 743 800 787 περιχάρειαν
824 748 895 778 πᾶ-

262 800 339 822 σαν
367 791 430 834 -]
474 796 514 823 et
553 801 713 823 omnem
752 792 894 824 immo-

260 837 452 870 deratam
491 838 712 869 laetitiam
757 841 795 868 et
834 838 891 869 ni-

259 883 379 914 miam
430 882 658 914 'tristitiam
712 883 890 922 penitus

259 929 557 960 occultantem
583 929 787 960 decorum
808 939 892 960 ser-

262 983 362 1005 vare
388 974 569 1006 studere
594 974 758 1005 debere.
801 973 890 1005 Nam

262 1019 367 1050 verba
391 1019 482 1050 hune
506 1020 541 1050 in
565 1020 703 1050 modum
716 1019 892 1059 iungenda

260 1065 443 1096 videntur.
482 1064 534 1095 καὶ
579 1062 788 1118 περιχάρειαν
836 1065 889 1095 καὶ

261 1107 487 1151 περιωδυνίαν
526 1110 637 1141 πᾶσαν
673 1105 889 1151 ἀποκρυπτό-

259 1166 361 1194 μενον
401 1152 482 1196 ὅλην
521 1150 738 1196 εὐσχημονεῖν
775 1156 889 1196 πειρᾶ-

260 1201 357 1232 σθαι.
404 1201 521 1242 ltaque
553 1198 634 1241 ὅλην
665 1201 814 1242 pertinet
844 1202 889 1233 ad

259 1247 400 1278 verbum
427 1251 460 1277 et
483 1256 544 1286 per
567 1246 744 1297 prolepsin
761 1250 812 1278 est
829 1257 887 1277 ex-

258 1293 469 1347 plicandum,
485 1293 534 1323 ita
555 1296 592 1323 ut
617 1293 675 1323 sit:
701 1288 783 1323 ὥετε
807 1289 889 1333 ὅλην

259 1334 550 1378 ἀποκρύπτεσθαι,
573 1337 596 1368 i.
622 1347 651 1368 e.
678 1333 784 1374 ὅλωε,·
807 1347 888 1369 nam

258 1384 295 1415 in
333 1383 459 1415 talibus
500 1382 724 1421 afflectivum,
761 1383 887 1424 quippe

259 1429 353 1471 quod
398 1429 442 1459 ad
485 1428 627 1459 verbum
668 1428 886 1459 referendum

256 1476 313 1514 sit,
332 1484 434 1515 saepe
459 1473 502 1505 ad
527 1474 704 1505 notionem
729 1473 885 1505 adverbii

256 1524 373 1560 potest
401 1519 570 1550 revocari.
603 1517 711 1560 Gorg.
741 1529 774 1560 p.
804 1518 882 1552 455.

255 1565 307 1597 1)·
340 1562 405 1606 ἐγώ
442 1561 642 1605 πειράσομαι
686 1582 729 1586 ———
766 1564 885 1603 σαφῶς

255 1607 471 1649 ἀποκαλύψαι
509 1606 570 1650 τὴν
605 1609 664 1649 τῆς
706 1605 885 1650 ῥητορικης

256 1653 398 1696 δύναμιν
431 1653 573 1686 ἅπασαν.
625 1655 734 1694 Legg.
765 1655 813 1686 ΙΙ.
847 1664 880 1694 p.

255 1701 384 1736 662.Α
394 1712 402 1731 t
428 1700 481 1732 καὶ
496 1710 605 1731 ποιων
629 1696 650 1730 ὅ
674 1701 705 1729 τί
727 1710 786 1740 περ
812 1697 881 1730 ἐπι-

254 1747 368 1787 θυμοῖ
393 1743 452 1777 τὸν
482 1745 563 1786 βίον
600 1742 736 1775 ἅπαντα.
789 1745 881 1775 Ari-

254 1792 394 1834 stoph.
419 1791 533 1823 Nubb.
567 1802 597 1822 v.
623 1789 727 1824 1050:
755 1786 883 1829 ὕσομεν

255 1837 316 1880 τὴν
345 1835 448 1868 νύκτα
483 1837 604 1867 πᾶσαν.
649 1835 738 1866 Ibid.
764 1846 796 1866 v.
821 1835 880 1868 36:

254 1885 287 1915 τί
308 1882 536 1915 δυςκολαίνεις
566 1881 618 1912 καὶ
656 1879 809 1920 στρέφει
821 1878 882 1921 τὴν

255 1925 360 1970 νύχθ’
387 1926 487 1970 ὄλην;
501 1928 545 1959 al.
577 1927 754 1962 Pertinere
769 1930 883 1957 autem

254 1977 289 2008 in
319 1974 491 2007 eiusmodi
519 1973 605 2003 loeis
637 1971 703 2002 πᾶς
737 1976 770 2002 et
800 1968 883 2002 ὅλος

253 2021 299 2053 ad
322 2019 420 2052 verbi
449 2019 647 2057 notionem,
671 2018 773 2048 etiam
801 2017 884 2048 talia

254 2067 428 2105 evincunt,
453 2064 556 2105 quale
581 2067 632 2096 est
657 2062 881 2102 Aristoph.

252 2108 575 2143 Nubb.v.1063:
610 2107 646 2139 ἐν
676 2110 746 2138 τοῖς
777 2104 881 2147 στροὶ-

253 2166 354 2196 μασιν
383 2153 443 2208 τὴν
472 2152 577 2186 νύκτα
609 2153 835 2192 παννυχίζειν,
860 2153 883 2184 i.

254 2212 283 2235 e.
310 2199 382 2243 τὴν
392 2197 495 2231 νύκτα
514 2201 626 2230 πᾶσαν
641 2195 774 2229 ἄυπνον
787 2208 882 2229 ειναι.

253 2248 371 2289 Atque
401 2247 486 2277 haec
515 2246 544 2276 si
581 2254 660 2275 vere
691 2244 882 2284 disputavi-

253 2302 473 2333 mus‚vanam
483 2300 556 2322 esse
571 2294 715 2330 apparet
729 2298 881 2330 operam,

255 2348 356 2380 quam
379 2337 446 2368 viri
470 2337 561 2367 docti
586 2336 623 2366 in
646 2335 759 2366 verbis
775 2334 882 2366 corri-

253 2383 374 2425 gendis
411 2381 652 2421 mutandisque
684 2389 880 2412 consumse-

253 2433 344 2460 runt.
390 2427 480 2459 Nam
507 2425 751 2466 Stephanus
778 2435 880 2466 quum

254 2471 314 2515 ὅλη
318 2485 337 2505 ν
361 2491 404 2497 --
430 2472 540 2504 πᾶσαν
564 2472 783 2503 coniunctum
808 2480 880 2502 mo-

251 2486 339 2552 lesqte
369 2518 492 2558 ferret,
525 2514 613 2549 ὅλως
641 2514 880 2557 refingendum

252 2565 396 2597 censuit.
460 2564 521 2595 A
533 2572 600 2605 quo
639 2562 793 2593 Astius
831 2561 881 2592 ita

252 2609 429 2649 discessit,
463 2614 502 2640 ut
533 2608 644 2639 πᾶσαν
674 2606 881 2639 iudicaverit

253 2655 427 2695 glossema
450 2663 542 2693 esse,
567 2653 737 2685 nescimus
768 2651 879 2692 quale.

964 566 1046 597 Alia
1100 566 1203 598 etiam
1255 577 1364 607 nuper
1410 564 1594 600 suaserunt

964 610 1163 643 Orellius
1205 616 1239 643 et
1277 612 1596 646 Winekelman·

962 667 1052 689 nus.
1113 657 1203 688 Nam
1245 656 1441 689 Orellius
1489 669 1594 700 quum

960 702 1110 733 vidisset
1140 702 1346 734 vocabulum
1380 700 1543 742 κοάλεμοε
1573 713 1594 736 a

961 746 1105 779 Timaeo
1147 748 1262 779 Gloss.
1299 759 1332 789 p.
1375 748 1451 782 160.

960 793 1097 833 glossas
1124 792 1323 825 platonicas
1347 794 1493 825 relatum
1515 804 1591 827 esse

956 848 1023 869 nec
1046 833 1166 870 'tamen
1197 839 1300 870 huius
1341 839 1499 870 vocabuli
1533 842 1613 872 ve·'

959 884 1101 924 stigium
1127 885 1163 914 in
1190 884 1347 917 Platonis
1373 885 1509 925 scriptis
1535 895 1591 917 us-

959 939 1061 969 quam
1085 934 1213 967 extare,
1233 935 1399 970 protenus
1423 929 1480 961 hic
1509 931 1592 962 scri-

959 975 1107 1005 bendum
1144 975 1311 1006 iudicavit
1341 975 1394 1005 καὶ
1426 972 1590 1014 κοάλεμον

958 1017 1178 1061 περιχάρειαν.
1214 1019 1279 1051 Oui
1294 1021 1423 1051 rationi
1441 1022 1588 1061 primum

956 1065 1044 1096 illud
1067 1064 1288 1106 adversatur,
1314 1066 1406 1107 quod
1437 1067 1587 1098 voeabu-

954 1110 1024 1140 lum
1057 1111 1160 1141 etiam
1191 1111 1235 1142 ad
1261 1109 1486 1151 περιωδυνιάν
1508 1121 1586 1153 per-

954 1155 1051 1186 tinet.
1100 1155 1236 1187 Deinde
1271 1165 1354 1187 vero
1387 1157 1489 1187 etiam
1520 1157 1586 1188 hoo

953 1202 1089 1231 inanem
1121 1211 1195 1232 eam
1225 1211 1300 1232 esse
1331 1203 1461 1241 arguit,
1495 1202 1588 1242 quod

956 1246 1058 1277 Plato
1085 1256 1156 1277 non
1181 1251 1313 1278 tantum
1338 1247 1465 1278 stolida
1485 1252 1588 1288 atque

955 1301 1044 1323 vana
1073 1291 1206 1324 laetitia
1237 1297 1271 1323 et
1306 1293 1448 1323 tristitia
1479 1293 1586 1324 inter·

1496 751 1594 781 inter
1636 791 1638 794 y

1581 331 1588 343 ’
1633 323 1644 452 l

357 454 397 486 P.
423 453 500 488 732.
549 453 588 485 C.
638 452 893 504 φρονήσεως
918 450 1263 497 ἀπολειπούσης]
1290 456 1348 488 Sic
1372 457 1418 488 A.
1438 457 1487 489 Μ.
1505 458 1539 489 h.
1568 469 1595 490 r.
1637 457 1644 481 ἶ

955 1337 1083 1368 dictum
1107 1337 1191 1376 vult,
1213 1338 1275 1368 sed
1298 1339 1437 1368 omnino
1463 1338 1585 1369 immo·
1642 1353 1644 1355 ·

954 1382 1091 1414 deratos
1126 1382 1246 1422 gaudii
1281 1386 1314 1413 et
1345 1382 1475 1414 doloris
1500 1382 1583 1414 affe·
1639 1406 1641 1411 .

954 1431 1027 1458 ctus
1059 1428 1177 1467 procul
1211 1427 1388 1459 habendos
1425 1437 1499 1459 esse
1529 1437 1583 1459 ar·
1636 1426 1641 1454 -“

953 1473 1116 1512 bitratur,
1142 1473 1201 1513 qui
1226 1473 1363 1514 quidem
1387 1478 1478 1504 recte
1502 1483 1578 1504 voc.

953 1515 1143 1559 περιχάρεια
1176 1522 1210 1549 et
1239 1515 1442 1559 περιωδυνιά
1478 1519 1584 1559 signi-

950 1564 1109 1594 ficantur.
1176 1563 1256 1594 Non
1307 1564 1416 1604 magis
1469 1568 1583 1595 autem

949 1609 1134 1649 probamus
1153 1609 1246 1648 quod
1261 1608 1504 1639 Winckelm
1516 1617 1583 1639 an·

950 1663 1026 1684 nus
1061 1653 1246 1692 legendum
1286 1653 1484 1692 proposuit·

949 1696 1075 1739 ἄλλην
1100 1695 1310 1738 περιχάρειαν
1329 1708 1358 1728 κ.
1380 1708 1404 1729 t
1422 1697 1447 1728 λ.
1474 1698 1580 1729 colla-

948 1745 992 1775 tis
1017 1743 1132 1774 verbis
1157 1753 1190 1783 p.
1217 1742 1294 1776 848.
1320 1743 1359 1773 E.
1386 1746 1419 1774 et
1439 1742 1516 1776 917.
1534 1744 1578 1786 A.

947 1788 1036 1820 Nam
1068 1789 1128 1819 isti
1153 1785 1252 1829 ἄλλην
1285 1787 1341 1819 hic
1372 1789 1470 1819 loeus
1510 1782 1579 1818 orn

947 1835 1031 1865 nino
1057 1843 1129 1865 non
1154 1838 1226 1872 est,
1252 1833 1423 1873 planeque
1453 1832 1581 1864 diversi

949 1878 1028 1911 sunt
1061 1879 1130 1910 loci
1164 1888 1184 1910 a
1207 1879 1281 1909 viro
1314 1879 1416 1909 docto
1444 1887 1580 1918 compa-

947 1926 1026 1963 rati,
1052 1924 1087 1955 in
1114 1924 1237 1965 quibus
1262 1928 1342 1964 post
1365 1921 1464 1963 ἄλλην
1482 1923 1578 1958 dein-

947 1980 1025 2011 ceps
1058 1968 1167 2000 πᾶσαν
1198 1970 1349 2009 ponitur.
1397 1967 1576 2000 Schne1

948 2017 1076 2047 derus
1114 2018 1229 2048 autem
1269 2014 1361 2054 quod
1396 2022 1459 2054 pro
1498 2008 1579 2052 ὅλην

947 2061 1130 2113 legendum
1159 2059 1306 2090 coniecit
1336 2055 1507 2096 μαινόλιν,
1541 2058 1579 2089 id

948 2111 982 2138 et
1004 2107 1117 2147 ipsum
1145 2114 1215 2136 non
1240 2103 1343 2137 modo
1369 2113 1574 2144 supervaca-

947 2161 1050 2183 neum
1073 2150 1133 2182 sed
1157 2150 1260 2181 etiam
1293 2148 1360 2180 loci
1385 2149 1576 2180 sententiae

948 2198 1061 2229 miuus
1106 2198 1374 2226 consentaneum
1428 2194 1574 2225 videtur.

994 2236 1096 2273 κατά
1115 2250 1155 2270 τε
1174 2235 1576 2280 εὐπραγίας-πρά-

949 2285 989 2326 §e
1001 2285 1088 2328 σιν]
1103 2285 1216 2316 Locus
1231 2294 1395 2325 perquam
1411 2284 1574 2323 difficilis,

948 2333 1007 2373 qui
1044 2330 1301 2368 rursus,h,abet
1337 2330 1452 2361 neseio
1491 2329 1574 2370 quid

947 2377 1074 2408 coloris
1088 2376 1224 2416 poetici.
1261 2374 1476 2414 Corrigenda
1489 2383 1572 2406 vero

946 2426 1024 2454 ante
1054 2422 1170 2454 omnia
1198 2420 1263 2452 fuit
1294 2429 1458 2460 perversa
1496 2429 1572 2450 ver-

945 2468 1067 2499 borum
1091 2466 1287 2505 distinctio,
1313 2475 1382 2505 qua
1405 2468 1572 2496 commate

935 2507 1024 2554 'post
1053 2509 1134 2543 κατὰ
1159 2509 1256 2551 τύχας
1284 2511 1382 2542 illato
1414 2509 1570 2541 consoci-

946 2562 1048 2590 antur
1071 2556 1194 2588 verba.
1218 2553 1299 2587 κατά
1331 2566 1365 2587 τε
1387 2550 1572 2595 εὐπραγίας

946 2621 989 2627 -
1013 2614 1066 2634 και
1093 2598 1173 2637 κατὰ
1204 2598 1314 2641 τύχας.
1362 2599 1463 2638 Quod
1495 2599 1571 2631 fleri

946 2648 1041 2680 nullo
1067 2648 1169 2679 modo
1193 2650 1318 2687 potest.
1335 2645 1437 2681 ,Nam
1462 2654 1569 2685 oppo-

1528 1653 1581 1684 καὶ
1629 1659 1639 1663 “
