1644 2886
262 74 347 117 DE
379 73 658 118 LEGIBUS
687 73 806 117 LIB.
838 73 945 117 VII.
980 74 1028 117 P.
1059 75 1155 117 804.
1192 73 1259 117 St.
1362 75 1445 116 309

185 196 294 238 ΜΕ.
366 190 643 237 Παντάπασι
681 192 731 237 τὸ
767 193 859 237 τῶν
875 190 1142 247 ἀνθρώπων
1174 196 1299 247 γένος
1325 190 1447 249 ἡμῖν,

88 254 274 316 aigina,
311 261 627 320 διαφαυλιζεις.

194 329 294 372 ΑΘ.
364 326 447 381 Μὴ
487 325 763 387 θαυμάσῃς,
777 318 812 368 ὦ
847 328 946 381 Μέ)
950 328 1052 378 nme,
1083 323 1200 374 ἀλλὰ
1221 325 1448 380 ξύγγνωθί

86 412 184 452 μοι·
233 393 344 452 πρὸς
391 394 480 450 2029
523 393 604 438 τὸν
642 392 758 437 θεὸν
793 392 969 437 ἀπιδών
1004 411 1076 436 και
1116 392 1288 436 παθών
1322 392 1448 437 εἶπον

87 462 197 517 ὅπερ
245 463 396 520 εἴρηκα
437 464 534 506 νῦν.
580 465 689 504 ἔστω
737 459 777 504 δ’
828 453 910 503 οὖν
958 460 1007 503 τὸ
1053 464 1179 514 γένος
1221 459 1349 517 ἡμῶν
1382 461 1443 517 μὴ

86 533 287 590 φαῦλον,
325 531 364 572 εἴ
395 545 467 573 σοι
503 531 659 586 ᾳίλον,
696 530 894 581 σπουδῆς
930 529 975 572 δέ
1007 545 1129 578 τινος
1165 525 1310 580 ἄξιον.

182 592 421 658 Ca1›.X[.
498 595 565 640 l'o
604 593 646 639 δ
697 595 795 648 ἑξῆς
829 595 1034 646 τούτοις,
1078 598 1331 652 οικοδομιάι
1363 598 1446 651 μὲν

86 664 283 721 εἴρηνται
330 666 584 719 ρυμιασίων
638 659 733 718 ἅμα
782 664 857 706 καὶ
911 665 1227 705 διδασκαλειων
1283 664 1448 706 κοιιιῧν

86 733 208 792 τριχῆ
247 730 361 774 κατὰ
401 737 538 786 μέσην
573 728 656 783 τὴν
692 728 852 780 πόλιν,
898 729 1069 782 ἔξωθεν
1114 732 1159 773 δὲ
1199 734 1347 773 ἵππων
1383 723 1445 773 αὖ

84 801 207 860 τριχῆ
242 816 339 853 περι
375 797 426 841 τὸ
463 796 577 840 ἄστυ
613 795 837 851 ὶυμνοὶσιοὶ
875 812 921 839 τε
958 800 1030 839 καὶ
1067 796 1334 854 εὐρυχώρια,
1372 814 1444 841 to·

84 867 204 920 ξικῆς
240 883 286 909 τε
324 868 394 908 καὶ
434 867 523 907 τῶν
559 863 707 907 ἄλλων
739 865 1083 920 ἀκροβολισμῶν
1129 868 1256 909 ἕνεκα
1300 867 1446 908 διακε-

84 938 348 989 κοσμημένα,
384 931 634 987 μαθήσεώς
669 948 713 975 τε
749 930 846 986 ἅμα
883 934 956 976 καὶ
991 935 1171 988 μελέτης
1206 934 1296 974 τῶν
1321 936 1444 976 νέων.

85 1007 120 1046 εὶ
158 1001 201 1044 δ’
243 999 334 1057 ἄρα
370 998 430 1054 μὴ
472 999 572 1043 τότε
611 1000 774 1049 ἱκανῶς
808 997 1090 1057 ἐρῥήθησαν,
1132 1001 1211 1042 νῦν
1242 999 1442 1054 εἰρήσθω

84 1071 145 1124 τῷ
182 1069 296 1124 λόγῳ
342 1066 454 1124 μετὰ
489 1068 652 1123 νόμων.

706 1072 752 1109 ἐν
788 1068 833 1109 δὲ
870 1067 1048 1118 τούτοις
1083 1069 1190 1110 πᾶσι
1232 1069 1443 1110 διδασκά-

86 1225 170 1256 De'n
197 1225 300 1266 vulgo
326 1223 604 1266 διανοηθέντας,
632 1222 726 1266 quod
753 1224 849 1256 solus
877 1223 964 1255 Ven.
994 1223 1030 1254 Ξ.
1055 1222 1182 1257 habere
1207 1223 1355 1256 iidetur.

84 1335 301 1379 sprochen
334 1338 522 1371 worden.
556 1349 587 1371 v.
628 1340 725 1373 Libr.

85 1383 142 1416 vl.
168 1394 201 1426 p.
227 1382 303 1418 764.
331 1383 360 1416 C
389 1395 462 1426 sqq.
491 1385 570 1420 779.
599 1385 638 1417 D.

130 1427 271 1461 runnu
305 1449 349 1454 —
379 1430 629 1474 γυμνάσια]
665 1433 722 1464 Di-

83 1479 179 1508 ctum
212 1478 252 1507 ut
290 1474 407 1509 ἵππων
446 1477 503 1509 καὶ
534 1476 643 1513 τόξων
674 1479 725 1510 δι-

82 1519 246 1553 δάσκαλοι
281 1532 315 1564 ρ.
342 1522 421 1558 794.
451 1542 489 1548 —
542 1520 725 1566 εὐρυχώ-

84 1579 176 1610 ρια,
210 1569 376 1610 campi,
410 1570 641 1611 planities,
674 1569 724 1602 ad

83 1614 388 1647 instituendas
432 1616 725 1648 exercitatio-

84 1669 159 1693 nes
199 1666 442 1702 equestres
485 1667 526 1694 et
565 1662 725 1695 iacula-

84 1706 244 1739 tione&
283 1726 327 1730 -
378 1706 724 1750 ἀκροβολισμῶν.

84 1752 243 1786 Pertinet
268 1752 334 1785 {mc
353 1753 615 1787 Grammaticus
631 1755 726 1787 Bek—

85 1798 204 1832 keril.
222 1809 255 1840 p.
270 1799 350 1839 366,
377 1799 431 1834 26.
459 1799 724 1853 ἀκροβόλρι·

83 1842 303 1885 ἆκοντισταΙ,
351 1856 410 1880 το,
398 1844 507 1880 tu'rru.
551 1857 581 1878 v.
621 1846 724 1878 etiarn

86 1889 342 1931 Hesychius
376 1901 404 1926 s.
440 1901 470 1923 v.
506 1890 727 1935 ἀκροβολίζε-

83 1938 185 1968 σθαι.

131 1985 204 2013 νῦν
230 1979 419 2026 εἰρήσθω
446 1985 498 2026 τῷ
526 1978 636 2025 λόγῳ
660 1995 726 2024 με·

85 2026 133 2059 τὰ
178 2027 346 2071 νόμων]
394 2026 490 2060 Bene
528 2028 726 2062 Ficinus:

86 2083 196 2106 nnnc
237 2078 283 2107 et
319 2083 523 2107 sermone
568 2075 726 2108 dictum

86 2121 144 2152 sit
168 2124 209 2153 et
233 2122 330 2162 lege
359 2122 587 2153 sancitum.

131 2163 176 2198 ἐν
200 2164 245 2198 δὲ
269 2164 446 2199 τούτοις
478 2168 583 2199 πᾶσι
616 2165 729 2200 διδα-

88 2211 294 2255 σκάλους]
320 2213 461 2245 Laudat
484 2214 571 2246 haec
597 2214 727 2247 Euse-

87 2258 183 2291 bius
213 2259 340 2302 Praep.
374 2259 513 2301 Evang.
538 2260 646 2292 ΧΙΙΙ.
671 2261 726 2294 19.

87 2314 120 2344 p,
145 2305 222 2340 706.
249 2317 278 2338 c
305 2307 338 2338 d.
373 2316 486 2347 usqne
517 2307 561 2338 ad
594 2303 661 2338 οὐκ
686 2304 728 2338 ἄν

89 2350 231 2391 πρέπον.
258 2352 293 2384 Is
318 2358 398 2394 post
424 2353 505 2383 πᾶσι
533 2353 728 2394 interponit

89 2393 148 2428 δεῖ.
198 2396 303 2436 Quod
330 2400 489 2430 Astius
514 2400 563 2430 itt
597 2401 727 2440 ample-

90 2451 154 2473 xus
186 2449 256 2485 est,
286 2448 325 2475 ut
357 2445 448 2476 idem
480 2445 577 2477 istud
609 2443 662 2477 δεῖ
683 2446 726 2477 de

90 2488 289 2520 coniectura
322 2490 356 2521 in
389 2493 503 2524 locum
535 2492 726 2533 particulae

93 2544 124 2565 ιε
159 2534 336 2566 suffecerit
365 2541 446 2577 post
476 2537 600 2578 ξένους
635 2536 727 2569 διδά-

91 2589 183 2611 σκειν
218 2581 457 2622 interpositae.
505 2584 608 2617 Hanc
636 2586 728 2616 enim

90 2626 298 2667 particulam
320 2628 410 2660 nihil
431 2629 561 2662 habere
581 2631 729 2663 arbitra-

91 2678 158 2712 tur,
182 2682 251 2714 quo
265 2675 446 2708 commode
457 2677 569 2716 possit
595 2678 731 2710 referri.

796 1339 852 1371 De
878 1337 1004 1380 quibus
1030 1337 1193 1369 omnibus
1217 1337 1322 1370 nobis
1346 1337 1443 1369 vide-

796 1391 854 1417 tur
901 1384 1005 1415 aliter
1059 1383 1209 1415 iudicari
1266 1388 1444 1425 oportere.

795 1431 887 1464 Nam
912 1431 982 1462 isto
1009 1427 1064 1461 δεῖ
1083 1434 1176 1462 certe
1202 1440 1275 1462 non
1307 1431 1444 1471 indige·

795 1488 883 1517 mus,
909 1480 1098 1518 propterea
1124 1477 1221 1517 quod
1245 1477 1444 1508 infinitivus

794 1522 968 1556 διδάσκειν
991 1523 1195 1563 imperativi
1227 1523 1298 1554 vim
1328 1527 1363 1555 et
1396 1523 1444 1554 si-

794 1570 1058 1611 gnificationem
1077 1568 1195 1608 habet,
1213 1573 1337 1610 estque
1355 1568 1444 1600 illud

794 1618 871 1649 sine
905 1615 1015 1648 dubio
1049 1615 1094 1647 ab
1128 1615 1209 1656 ipso
1242 1615 1442 1647 Eusebio

793 1661 1055 1705 perspicuitatis
1095 1662 1212 1702 gratia
1251 1662 1442 1703 interposi-

793 1715 879 1741 tum.
904 1707 1030 1749 Neque
1050 1707 1251 1739 infinitivus
1267 1708 1325 1740 hic
1338 1717 1442 1750 prae-

794 1760 847 1787 ter
878 1765 980 1786 usum
1008 1758 1042 1784 et
1073 1755 1365 1786 consuetudinem
1390 1754 1441 1786 ita

794 1802 949 1843 ponitur.
976 1799 1068 1831 Nam
1089 1801 1184 1840 quod
1205 1810 1317 1841 nuper
1330 1800 1439 1831 Klit-

794 1848 946 1880 sebius
972 1846 1007 1876 in
1026 1844 1129 1876 Obss,
1157 1847 1213 1877 ud.
1235 1845 1328 1878 Plat.
1349 1845 1440 1878 Gor-

797 1895 890 1934 giam
915 1903 948 1933 p.
974 1891 1005 1925 7.
1033 1892 1176 1931 statuit,
1202 1896 1276 1923 tum
1302 1892 1441 1923 demum

796 1946 890 1971 recte
915 1938 984 1970 dici
1010 1937 1224 1969 infinitivum
1238 1948 1303 1979 pro
1332 1937 1440 1979 impe-

796 1986 933 2024 rativo,
985 1983 1045 2014 ubi
1095 1984 1164 2015 iam
1207 1985 1442 2024 praecesserit

795 2036 857 2064 aut
887 2029 1118 2071 imperativus
1141 2034 1203 2061 aut
1226 2031 1351 2062 similis
1377 2030 1440 2062 im-

795 2078 955 2119 perativo
1000 2076 1140 2107 dicendi
1181 2077 1291 2115 ratio,
1334 2085 1440 2109 nosse

795 2124 946 2156 debebat
959 2122 1013 2154 vir
1032 2120 1198 2163 optimus,
1223 2124 1439 2155 istamxvete-

796 2181 870 2202 rem
895 2179 972 2202 esse
1003 2169 1215 2200 cantilenam
1239 2174 1345 2210 atque
1369 2169 1440 2201 iam

797 2217 926 2248 dudum
941 2226 962 2248 a
976 2215 1214 2255 grammaticis
1234 2216 1360 2247 merito
1381 2225 1439 2247 ex-

795 2264 951 2304 plosam,
985 2261 1088 2292 sicuti
1116 2262 1171 2292 vel
1197 2262 1300 2302 primi
1329 2262 1438 2293 versi-

796 2310 862 2340 culi
890 2308 1051 2339 Electrae
1072 2305 1294 2348 Sopliocleae
1320 2318 1439 2348 quem-

797 2365 864 2396 que
889 2355 1037 2386 edocere
1061 2358 1221 2395 possunt.
1253 2353 1328 2386 Iam
1353 2363 1438 2384 vero

795 2401 889 2432 istud
916 2411 963 2437 ιε,
996 2400 1040 2431 ab
1070 2400 1197 2431 Astio
1227 2400 1264 2430 in
1299 2404 1439 2431 contro-

794 2447 946 2479 versiam
971 2451 1134 2478 vocatum
1148 2446 1340 2486 respondet
1355 2446 1440 2478 alte-

795 2494 823 2524 ri
851 2503 885 2524 τε
910 2492 1027 2524 verbis
1054 2489 1119 2523 ὅσα
1145 2503 1178 2522 τε
1203 2491 1293 2531 πρὸς
1319 2501 1439 2530 μουσι-

795 2536 860 2580 κήν
884 2539 1108 2578 interposito.
1143 2538 1285 2569 Etenim
1314 2538 1442 2570 vocula

796 2586 943 2617 traiecta
968 2589 1021 2615 est
1042 2584 1254 2625 paullulum,
1280 2584 1439 2625 quaudo-

798 2632 942 2672 quidem
966 2630 1124 2670 legitima
1158 2630 1250 2662 ratio
1275 2630 1439 2672 exigebat

801 2675 869 2708 ὅσα
902 2687 934 2708 τε
965 2673 1054 2716 πρὸς
1090 2673 1150 2707 τὸν
1188 2673 1338 2715 πόλεμόν
1371 2675 1439 2709 ἐστι

1485 537 1522 580 Ο
