1644 2886
287 77 339 116 9⁴2

795 73 1171 118 PLATONIS

286 197 382 239 ταῖς
417 191 460 232 δὲ
499 196 662 247 ψυχαῖς
696 187 775 242 οὐχ
809 182 942 240 ἦττον
976 191 1220 243 δυναμένην
1255 191 1402 234 πάντα
1438 191 1493 234 τὰ
1530 200 1644 235 τοι-ἒ

285 257 401 297 αῦτα
439 259 654 308 ἐμποιεῖν,
691 253 859 296 τούτων
894 253 931 296 δ’
969 247 1027 297 αὖ
1075 251 1254 297 πάντων
1288 262 1490 311 μέγιστον
1526 260 1644 310 &ta-1,

285 324 460 377 φέροιεν
500 315 571 360 ἂν.
600 317 733 361 τόποι
771 318 941 374 χώρας,
976 325 1022 362 ὲν
1078 319 1143 369 οἷς
1177 324 1283 363 θεία
1319 339 1384 372 τις
1414 327 1624 367 ἐπίπνοια

285 389 355 426 καὶ
401 384 622 438 δαιμόνων
668 383 807 435 λήξεις
849 384 952 434 εἷεν,
990 383 1090 435 τοὺς
1132 385 1200 428 ἀεὶ
1243 391 1620 442 κατοικιζομένους

287 452 384 502 ἵλεῳ
431 448 651 504 δεχόμενοι.
692 453 763 492 καὶ
807 449 1085 494 τούναντίον.
1120 450 1186 501 οἷς
1229 450 1252 494 ὅ
1292 469 1337 506 γε
1373 456 1479 497 νοῦν
1513 456 1620 508 ἔχων

287 517 537 567 νομοθέτης
572 514 928 573 ἐπισκεψάμενος,
952 515 1009 566 ὡς
1031 515 1279 571 ἄνθρωπον
1317 517 1412 561 οἷόν
1447 519 1486 560 τ’
1530 523 1619 562 ἐστὶ

285 588 459 623 σκοπεῖν
495 578 549 622 τὰ
587 575 961 641 τοιλαῦτα,ὀῦτως
995 583 1172 637 πειρῷτ’
1214 580 1271 625 ἂν
1307 587 1482 628 rae-&vm
1519 584 1620 635 τοὺς

504 770 511 780 ,
664 770 673 780 .
838 771 844 783 .
906 772 913 784 .
1024 776 1031 781 .
1154 773 1160 783 .
1275 774 1306 783 ..
1395 779 1406 786 .
1454 773 1461 785 ‚

376 773 416 803 E.
467 772 610 812 ληξεις
634 784 741 809 ειεν,
768 785 868 807 τους
894 776 978 817 αεὶ]
1007 776 1104 807 ioss.
1122 775 1231 816 ληξειε
1248 784 1325 807 ειεν
1353 784 1422 807 τοις
1442 776 1503 808 αεὶ.
1522 778 1618 809 male.

287 954 389 986 gnam
405 945 656 980 difficultatem.
692 948 814 990 Neque
829 950 920 981 enim

287 991 468 1031 quisquam
492 994 654 1032 expedire
683 995 813 1034 poterit
843 1005 919 1027 ver·

287 1035 408 1067 borum
450 1040 762 1079 constructionem,
794 1041 844 1071 ita
883 1046 921 1071 ut

286 1081 374 1111 nihil
385 1081 619 1135 impedimenti
630 1089 816 1116 remaneat.
834 1084 920 1116 Cor-

286 1125 489 1166 rigendum,
519 1129 585 1159 nisi
615 1129 739 1168 fallor,
770 1131 820 1161 sic
851 1135 918 1161 est.

289 1170 325 1201 οἱ
347 1168 382 1201 δὲ
408 1171 460 1202 καὶ
487 1170 609 1214 ταύτην
634 1172 694 1214 τὴν
717 1173 754 1205 ἐκ
759 1175 834 1228 1sz
858 1175 921 1216 γῆς

288 1213 421 1256 τροφὴν
462 1212 684 1250 ἆναδιδοῦσιν
725 1230 766 1250 ου
812 1217 921 1258 μόνον

288 1264 358 1292 τοῖς
389 1259 538 1300 σώμασιι
565 1260 688 1302 α’μείνω
725 1265 777 1296 καὶ
810 1266 921 1306 χείρω,

289 1309 358 1337 ταῖς
389 1304 425 1337 δὲ
457 1312 492 1345 ψ.
535 1305 596 1348 οὐχ
638 1303 737 1350 ἦττον
776 1308 804 1340 ὅ.
841 1311 921 1342 alii

289 1361 389 1383 vero
437 1352 523 1384 loci
571 1355 706 1386 etiam
761 1356 919 1386 victum

287 1397 416 1427 istum
440 1399 771 1439 quotidianum,
796 1410 920 1440 quem

286 1446 414 1472 terra
471 1444 669 1484 praebet,
726 1444 921 1476 efferunt

287 1496 372 1518 non
403 1489 524 1519 modo
557 1490 818 1529 corporibus
853 1491 919 1521 vel

287 1532 580 1565 salubriorem
628 1536 690 1566 vel
730 1535 918 1567 deterio—

286 1586 392 1615 rem,
427 1579 505 1609 sed
539 1580 666 1611 etiam
701 1589 811 1619 eum,
848 1581 919 1621 qui

287 1632 369 1653 non
401 1624 538 1654 minus
575 1626 729 1656 animis
771 1627 922 1665 possit

286 1666 394 1698 talia
421 1667 694 1708 ingenerare.
739 1668 811 1701 Διὰ
835 1671 918 1702 illud

285 1717 366 1744 ante
393 1711 514 1753 ταύτην
539 1724 642 1754 quam
674 1715 776 1746 facile
802 1725 920 1748 errore

287 1757 385 1788 nasci
421 1760 590 1798 potuerit,
626 1761 661 1790 in
700 1761 819 1801 aprico
855 1766 918 1792 est.

286 1801 375 1834 Nam
400 1805 474 1834 sive
498 1805 735 1836 antecedentis
759 1806 815 1835 καί
826 1807 921 1837 simi-

286 1847 468 1879 litudinem
493 1850 710 1890 respicimus,
728 1851 802 1881 sive
830 1853 919 1883 eins-

287 1893 364 1924 dem
404 1895 673 1934 praepositionis
712 1897 921 1935 repetendae

288 1938 506 1969 occasionem
532 1941 808 1972 consideramus.
833 1941 919 1972 nihil

287 1983 354 2014 fuit
379 1993 460 2014 sane
485 1985 529 2015 ad
553 1985 711 2018 fraudem
734 1986 921 2018 admitten-

259 2029 368 2059 xdam
405 2033 552 2070 utraque
595 2041 633 2062 re
679 2033 920 2072 opportunius.

288 2072 363 2104 Nec
394 2083 476 2104 vero
509 2076 625 2107 audax
650 2076 823 2108 videbitur
848 2077 919 2108 vul-

289 2118 360 2158 gati
386 2115 617 2151 ἀναδιδοῦσαν
639 2122 675 2152 in
697 2119 921 2153 ἀναδιδοῦσα)

290 2165 432 2194 mutatio
504 2165 578 2196 Iam
611 2176 694 2197 vero
736 2171 826 2197 recte
869 2167 920 2197 di-

290 2213 415 2239 cuntur
437 2209 504 2248 ipsi
528 2211 598 2241 loci
616 2207 817 2242 α’ναδιδόιαι
844 2222 918 2252 τρο-

290 2263 377 2293 φην,
409 2255 502 2293 quod
535 2256 570 2286 in
601 2257 741 2297 vulgata
774 2258 920 2288 lectione

289 2308 387 2329 secus
413 2304 476 2329 est.
531 2301 666 2333 Politia.
696 2310 730 2343 p'.
761 2302 838 2335 272.
870 2303 919 2333 A:

289 2339 479 2383 αυιομάιηε
508 2341 757 2399 ἀναδιδούσης
763 2347 823 2387 τῆς
847 2347 920 2388 γῆε

289 2388 430 2420 Menex.
439 2399 478 2429 p
491 2390 569 2424 237.
595 2392 645 2422 D:
670 2390 706 2423 ὲν
732 2385 758 2422 ὦ
785 2388 804 2432 ἡ
830 2392 921 2423 πᾶσα

291 2434 333 2474 γῆ
357 2426 517 2465 ἀνεδῖδου
550 2436 603 2466 καὶ
634 2436 721 2476 ἑφυε
743 2437 812 2477 ζῶα
837 2447 918 2467 παν-

291 2476 430 2509 τοδαπά.
499 2479 615 2512 Post
637 2483 679 2514 ου’
704 2479 769 2521 μόι
772 2493 812 2512 ον
827 2483 919 2523 quod

291 2534 360 2555 non
391 2520 472 2562 ἀλλὰ
503 2525 557 2557 καὶ
588 2529 642 2558 vel
667 2523 767 2563 ἀλλά,
791 2528 852 2559 sed
885 2526 921 2558 δέ

290 2568 455 2608 infertur,
487 2570 524 2602 id
557 2571 830 2613 haudquaquam
869 2576 921 2604 est

290 2614 453 2647 insolens.
502 2615 597 2649 Libr.
630 2617 684 2649 Vl.
710 2627 742 2658 p.
769 2617 845 2652 751.
873 2617 918 2648 B:

988 947 1031 982 ου’
1062 948 1172 989 μόνον
1209 946 1312 981 οὐδὲν
1350 951 1466 989 πλέον,
1502 949 1621 992 σχεδὸν

988 994 1024 1026 δὲ
1063 993 1189 1036 βλάβαι
1232 1013 1260 1017 -
1304 994 1471 1037 γίγνοιντ’
1508 994 1550 1028 ἂν
1585 996 1621 1035 ἐξ

987 1037 1111 1072 αῑίιῦν.
1165 1041 1255 1072 Ibid.
1294 1051 1327 1081 p.
1369 1042 1444 1076 752.
1483 1042 1534 1074 D:
1576 1038 1619 1083 μὴ

987 1097 1095 1125 μονον
1123 1081 1391 1125 ἀφοσιώσασθαι
1422 1106 1466 1111 —
1501 1084 1620 1127 ξυντό-

988 1140 1056 1162 νως
1087 1126 1121 1161 δ’
1151 1129 1275 1169 ἑπιμελι
1265 1131 1404 1172 ιθῆιηι.
1460 1132 1548 1163 Ibid.
1585 1141 1617 1172 p

987 1176 1064 1211 760.
1089 1176 1134 1207 D.
1161 1186 1194 1216 p.
1212 1175 1289 1209 77.
1303 1177 1347 1207 D.
1373 1177 1475 1208 VIII.
1493 1188 1525 1218 p.
1542 1176 1620 1210 842.

990 1221 1028 1253 C.
1056 1221 1135 1252 Vn.
1159 1231 1191 1261 p.
1216 1220 1294 1254 823.
1323 1223 1367 1253 A.
1393 1221 1455 1255 ΧΙ.
1479 1232 1513 1263 p.
1542 1222 1619 1256 920.

990 1266 1084 1298 Α.Β.
1113 1266 1197 1297 XII.
1223 1276 1254 1307 p.
1282 1266 1361 1300 965.
1381 1267 1421 1298 Β.
1451 1284 1493 1290 -—
1520 1265 1618 1298 πάν-

988 1322 1033 1343 τα
1072 1309 1115 1342 τά
1153 1311 1437 1353 τοιαῦταφει·
1481 1313 1618 1353 synesin

988 1357 1116 1388 dictum
1149 1357 1297 1387 refertur
1327 1357 1371 1388 ad
1402 1354 1525 1396 α’μεὶνω
1567 1357 1620 1388 καί

986 1404 1105 1441 χείρω,
1141 1402 1239 1432 cuius
1275 1402 1410 1441 generis
1446 1407 1525 1433 sunt
1561 1403 1622 1434 illa

987 1446 1165 1478 Phaedon.
1192 1457 1225 1487 p.
1239 1446 1296 1480 59.
1315 1447 1358 1477 A.
1386 1452 1420 1477 et
1443 1457 1477 1487 p.
1500 1446 1555 1480 67.
1575 1448 1620 1478 A.

1032 1492 1074 1522 E.
1123 1490 1166 1522 ἐν
1206 1487 1270 1522 οἷς
1301 1491 1401 1522 θεία
1434 1500 1494 1522 τις
1534 1490 1619 1523 ἐπί-

989 1547 1115 1567 πνοια
1142 1538 1209 1574 „j
1241 1536 1286 1567 H.
1321 1546 1349 1567 e.
1383 1538 1425 1567 in
1459 1537 1620 1577 quibus

987 1582 1130 1613 omnia.
1160 1582 1287 1622 quasi
1319 1582 1472 1613 divina.
1505 1588 1620 1619 sunt,

987 1628 1049 1658 ita
1076 1632 1120 1656 ut
1146 1637 1229 1658 non
1260 1627 1386 1658 modo
1418 1632 1620 1668 tanquam

987 1672 1166 1703 divinus
1214 1671 1383 1712 quidem
1432 1672 1621 1704 afflatus

987 1727 1061 1757 per
1099 1717 1245 1747 omnia
1281 1717 1441 1756 spiret,
1475 1728 1621 1748 verum

988 1763 1118 1793 etiam
1152 1762 1247 1802 agri
1282 1762 1368 1792 diis
1408 1763 1496 1792 sint
1526 1772 1619 1793 con-

988 1807 1164 1838 secrati.
1213 1806 1266 1836 De
1292 1805 1450 1838 ἐπίπνοια
1482 1818 1520 1850 v.¹
1540 1817 1620 1838 ann.

987 1853 1031 1884 ad
1056 1862 1130 1892 cap.
1154 1852 1186 1885 9.
1212 1853 1260 1881 in.
1286 1862 1318 1892 p.
1345 1851 1421 1885 738.
1448 1851 1485 1882 C.
1517 1852 1620 1882 Δαι-

985 1894 1128 1936 μόνων
1184 1894 1323 1936 λήξεις
1370 1907 1472 1936 vero,
1512 1899 1621 1929 >sicuti

989 1942 1070 1973 aiibi
1091 1942 1217 1982 κλῆροι
1237 1947 1404 1973 vocantur
1429 1943 1621 1982 portiones,

988 1997 1075 2028 quae
1101 1987 1167 2017 diis
1194 1991 1288 2017 sorte
1312 1988 1521 2026 obtigerunt.
1554 1988 1619 2019 Re-

987 2032 1132 2073 spieitm·
1156 2032 1199 2063 ad
1226 2042 1257 2071 p.
1285 2032 1360 2064 745.
1435 2032 1521 2062 ——D.

1032 2076 1127 2118 ἵλεῳ
1162 2032 1416 2116 δεχόμενοιΒ
1425 2077 1490 2107 καὶ
1530 2072 1619 2107 τυιῖ-

990 2133 1065 2152 ναν
1078 2120 1201 2163 τιον]
1252 2120 1498 2153 Nominativus
1551 2132 1620 2152 ma-

989 2168 1112 2199 sculini
1139 2167 1276 2207 generis
1308 2177 1368 2207 per
1384 2167 1531 2208 synesin
1561 2177 1619 2206 po-

988 2213 1076 2243 situs
1101 2217 1164 2252 est,
1189 2212 1331 2251 perinde
1365 2221 1405 2242 ac
1430 2213 1457 2243 si
1483 2211 1622 2242 θευιόι

990 2256 1147 2296 δαίμονες
1169 2258 1412 2297 praecesserit.
1456 2256 1619 2288 Eiusdem

989 2303 1061 2334 fere
1097 2302 1234 2343 generis
1273 2306 1369 2340 sunt,
1412 2302 1454 2332 de
1495 2302 1620 2342 quibus

988 2351 1223 2388 exposuerunt
1257 2348 1368 2388 intpp.
1405 2347 1448 2378 ad
1474 2344 1618 2386 Gregor.

988 2391 1148 2424 Corinth.
1173 2402 1207 2432 p.
1225 2391 1270 2424 37
1288 2402 1363 2432 sqq.
1389 2392 1442 2422 ed.
1462 2390 1617 2422 Schiifer

987 2437 1168 2469 Porson.
1209 2437 1252 2468 ad
1291 2437 1374 2468 Eur.
1417 2437 1548 2468 Hecub.
1590 2447 1619 2465 v.

986 2482 1039 2516 22
1068 2486 1101 2513 et
1125 2482 1399 2513 Her-mannus
1430 2483 1473 2513 ad
1499 2482 1617 2521 Viger.

987 2537 1067 2559 anri.
1093 2526 1147 2560 55.
1173 2537 1203 2567 p.
1234 2525 1311 2560 714-

1033 2568 1095 2603 οἶε
1137 2569 1155 2603 ὅ
1198 2582 1240 2612 γε
1278 2570 1383 2602 νοῦν
1414 2570 1520 2610 ζ’χωι
1557 2570 1613 2611 --]

987 2617 1232 2649 cuiusmodi
1266 2616 1386 2649 locis
1421 2615 1618 2647 omnibus
