1644 2886
275 106 520 149 LXXXIV
707 92 1182 149 PROLEGOMENA

274 217 458 259 subinde
513 217 631 258 dicta
686 217 773 257 sint
823 217 1051 270 audacius,
1109 216 1308 259 idoneam
1363 221 1605 262 excusatio-

274 288 368 337 nem
404 278 599 368 lparatam
636 272 791 314 habere
834 273 1108 315 videbuntur.
1167 272 1256 316 Sed
1295 274 1514 317 videamus
1553 276 1606 317 de

275 343 402 384 singu
421 342 469 369 is.

413 437 473 477 Et
501 447 502 450 ’
526 435 707 492 primum
755 436 928 490 quidem
977 437 1083 479 illud
1140 442 1297 482 πειθοῖ
1352 440 1607 492 κεραννύναι

275 492 352 541 τὴν
401 490 568 544 μάχην,
621 491 739 546 quod
792 492 952 548 legitur
1004 494 1122 536 Libr.
1180 494 1259 537 IV.
1314 512 1355 551 p.
1408 499 1501 539 722.
1541 498 1606 551 B,

275 554 469 603 apertum
510 554 577 589 est
619 548 814 589 vitiatum
853 564 961 600 esse,
993 560 1123 603 atque
1154 550 1214 591 ita
1235 552 1450 594 emendari
1481 568 1607 609 opor-

274 611 384 655 tere,
417 609 463 644 ut
492 618 570 660 pro
599 602 741 661 μάνην
769 604 887 645 aliud
919 604 1025 658 quid
1055 606 1347 660 reponendum
1378 609 1455 659 sit3
1490 608 1605 663 quod

275 659 401 713 quale
429 659 500 713 sit,
531 659 794 702 ostendimus
824 660 868 700 in
889 659 1232 704 Commentariis.
1293 662 1509 715 Quocirca
1527 664 1607 706 hac

276 716 319 756 in
366 729 521 757 caussa
572 715 795 757 memorari
845 718 1018 757 omnino
1070 732 1154 758 non
1213 719 1396 773 amplius
1466 720 1606 762 debet.

276 774 410 814 Porro
443 771 559 827 quod
592 770 752 826 legitur
779 771 898 813 Libr.
933 771 1012 814 VI,
1044 788 1084 827 p.
1117 775 1210 815 773.
1243 773 1298 816 D.
1330 776 1449 823 οἶνος
1479 778 1603 818 κολα-

275 826 455 878 ζόμενος
482 826 565 869 ὑπὸ
599 830 820 883 νήφοντος
849 830 997 879 ἑτέρον
1030 830 1164 882 θεοῦ,
1196 828 1238 869 id
1269 829 1474 872 audacius
1505 846 1608 872 sane

274 883 436 925 dictum
472 890 540 926 est
586 883 893 938 displicuitque
932 884 1061 925 etiam
1102 884 1365 940 Longino
1402 886 1606 929 XXXII.

275 942 311 983 7.
355 955 405 981 eo
444 940 629 982 nomine.
699 938 793 980 Nec
823 946 967 980 tamen
997 939 1248 995 quidquam·
1269 941 1400 983 habet
1428 942 1606 996 inficeti,

273 996 401 1037 sicuti
456 996 559 1037 item
601 995 645 1036 in
695 993 1028 1036 Commentariis
1081 996 1357 1040 ostendimus.
1447 997 1607 1050 Quam-

272 1052 419 1094 obrem
447 1050 786 1093 Plutarchus
819 1050 976 1103 aliique
1005 1051 1110 1092 illud
1132 1052 1239 1093 adeo
1259 1052 1496 1095 imitatione
1526 1055 1608 1096 fre·

273 1114 552 1161 quentarunt,
584 1106 690 1148 nihil
719 1106 885 1148 scilicet
916 1106 969 1147 de
998 1106 1095 1153 ista.
1131 1122 1239 1160 quae
1273 1115 1486 1163 crepatur,
1517 1110 1607 1151 ine-

272 1163 462 1217 legantia
502 1177 690 1217 unquam
729 1162 951 1217 suspicati.
1008 1162 1232 1205 Poeticum
1261 1164 1447 1206 colorem
1477 1166 1609 1207 refert

273 1219 402 1260 etiam
439 1219 558 1261 Libr.
596 1218 682 1261 ΙΙΙ.
731 1235 772 1275 p.
815 1219 908 1260 691.
949 1218 1005 1260 D.
1044 1220 1230 1272 δίδυμον
1258 1218 1360 1275 ι”μῖν
1391 1219 1609 1272 φυτεύσας

272 1274 352 1325 τὴν
389 1276 475 1316 τῶν
512 1277 729 1327 βασιλέων
759 1278 927 1328 γένεσιν
966 1279 1012 1315 ἐκ
1047 1278 1324 1326 μονογενοῦς.
1359 1276 1432 1318 ubi
1463 1283 1607 1319 tamen

273 1337 471 1386 apertum
501 1336 578 1372 est;
637 1330 947 1372 Atheniensem
1003 1328 1055 1370 de
1104 1331 1284 1385 geminis
1317 1332 1607 1374 Lacedaemo-

273 1387 442 1427 niorum
489 1386 663 1442 regibus
713 1386 910 1428 consulto
962 1385 1081 1440 loqui
1118 1386 1364 1428 sublimiore
1400 1389 1606 1429 oratione.

273 1441 361 1485 Sed
403 1441 603 1484 usitatius
644 1441 806 1484 dictum
844 1441 1015 1483 videtur
1052 1441 1174 1483 Libr.
1215 1442 1323 1485 XII.
1354 1458 1396 1498 p.
1428 1445 1522 1486 945.
1553 1444 1605 1485 Ε.

273 1497 606 1552 τεκταινώμεθα
639 1497 693 1549 δή
725 1514 824 1540 τινα
854 1496 1021 1552 τρόπον
1050 1497 1195 1540 αὐτῶν
1225 1498 1319 1552 (int.
1352 1501 1433 1540 τῶν
1462 1502 1607 1542 πᾶσαν

269 1553 428 1607 ἀρετὴν
469 1553 1000 1608 θαυμαστῶνγεύθύνων)
1045 1553 1217 1595 τοιάνδε
1247 1551 1437 1607 γένεσινὲ
1469 1556 1605 1596 arti-

270 1610 480 1651 ficiose
519 1610 798 1664 fingamus
838 1609 982 1650 hunc
1021 1610 1387 1666 euthynarum
1418 1617 1604 1652 ortum.

271 1665 370 1708 Nec
409 1680 511 1707 vero
552 1664 716 1707 abludit
754 1666 808 1707 ab
839 1680 920 1707 usu
949 1679 1103 1721 prosae
1133 1667 1339 1709 orationis
1369 1666 1490 1708 Libr.
1519 1667 1602 1708 XI.

270 1737 312 1777 p.
357 1722 451 1762 920.
494 1721 547 1762 E.
600 1723 736 1774 ἔργων
783 1720 1095 1770 ἀποτελοῦντες·
1150 1726 1317 1772 γένεσιν
1362 1724 1603 1775 ἔμμισθον,

273 1791 531 1831 quamquam
578 1776 624 1818 id
661 1777 929 1818 enuntiatum
976 1782 1042 1818 est
1079 1776 1327 1820 delicatiore
1375 1778 1604 1820 verborum

274 1832 446 1874 delectu
493 1847 572 1888 pro
613 1832 804 1888 vulgari:
859 1835 963 1888 ἔργα
991 1836 1059 1874 ἐπὶ
1092 1836 1251 1886 μισθῷ
1280 1833 1601 1883 ἀποτελοῦντες.

270 1889 406 1930 Porro
446 1888 554 1929 illud
595 1893 657 1937 εὶς
696 1887 743 1929 τὸ
777 1889 873 1943 φῶς
900 1886 1022 1941 ἄγειν
1053 1888 1120 1931 vel
1151 1888 1401 1943 ἐπανάγειν,
1431 1890 1603 1945 palam

271 1945 522 2000 proferre
551 1959 611 1985 ac
650 1942 960 1996 declarare,
999 1943 1051 1985 de
1084 1945 1237 1997 rebus,
1270 1960 1379 1999 quae
1410 1945 1603 2001 disputa-

268 2001 388 2042 tione
416 2000 708 2054 explicantur,
742 2014 875 2053 quum
911 2005 1039 2041 antea
1068 2001 1228 2042 fuerint
1266 2001 1461 2043 occultae
1501 2016 1602 2043 nec-

270 2055 371 2098 dum
409 2056 670 2109 illustratae,
710 2055 790 2097 IV.
823 2071 864 2109 p.
896 2057 990 2098 724.
1022 2058 1076 2097 A.
1107 2056 1186 2098 VI.
1219 2072 1257 2111 p.
1288 2059 1382 2100 781.
1413 2058 1467 2097 A.
1498 2057 1604 2097 VII.

272 2127 313 2166 p.
360 2112 454 2153 788.
500 2110 550 2152 C.
581 2111 665 2153 IX.
698 2127 738 2166 p.
777 2112 871 2152 869.
902 2110 967 2164 C„
997 2127 1077 2153 nos
1110 2111 1280 2165 quidem
1310 2113 1482 2153 minime
1513 2127 1602 2153 mo-

269 2173 412 2219 ratur,
452 2167 620 2209 etiamsi
657 2167 764 2208 bene
803 2167 1012 2220 sciamus,
1061 2168 1284 2208 Platonem
1326 2183 1376 2209 ea
1422 2168 1604 2209 formula

269 2224 358 2264 fere
391 2222 453 2263 uti
485 2223 622 2264 solere
651 2222 705 2263 de
734 2223 863 2263 rebus
895 2229 1003 2264 vere'
1022 2223 1219 2274 occultis,
1251 2238 1360 2277 quae
1391 2223 1436 2264 in
1464 2224 1602 2265 lucem

269 2278 558 2334 proferuntur.
618 2278 730 2319 Nam
758 2284 1013 2332 utrumque,
1059 2279 1142 2319 nisi
1172 2279 1281 2320 male
1310 2279 1500 2334 argutari
1530 2295 1602 2320 ve-

273 2334 342 2388 lis,
385 2333 570 2388 denique
612 2334 763 2375 eodem
808 2333 947 2375 redire
994 2333 1271 2375 iudicandum
1317 2341 1396 2376 est.
1453 2333 1601 2376 Dictio

271 2405 400 2446 porro
439 2389 514 2431 illa
552 2389 671 2431 Libr.
708 2389 767 2432 X.
817 2404 856 2444 p.
896 2391 990 2431 888.
1028 2391 1083 2431 Α.
1132 2390 1207 2430 ἰ’τω
1261 2391 1314 2440 δὴ
1360 2389 1602 2445 πρόρῥησις
1641 2407 1644 2449 s

271 2443 422 2488 τοιάδε
441 2462 504 2494 τις
532 2453 624 2491 τοῖςΊ
654 2448 1022 2500 διεφθαρμένοις,
1053 2445 1135 2486 etsi
1154 2446 1297 2487 nescio
1317 2444 1421 2498 quid
1441 2445 1601 2499 poetici

272 2502 417 2554 habet,
433 2507 577 2543 tamen
595 2501 654 2542 ibi
672 2507 786 2543 recte
805 2501 1106 2557 eleganterque
1123 2501 1312 2556 ponitur,
1330 2501 1459 2543 sicuti
1477 2501 1601 2542 facile

273 2558 354 2599 sibi
373 2556 710 2613 persuadebunt,
726 2558 800 2612 qui
821 2571 988 2599 omnem
1006 2557 1214 2599 sermonis
1236 2556 1600 2598 continuationem
1637 2572 1639 2599 J

272 2613 646 2655 consideraverint.
715 2613 807 2654 Nec
854 2627 954 2655 vero
990 2611 1118 2654 habet
1157 2612 1393 2666 quidquam
1431 2612 1640 2653 dubita-'¹1
