1644 2886
467 80 552 124 DE
585 79 860 125 LEGIBUS
894 87 976 124 etc.
1301 80 1413 123 LXI

51 202 320 253 quentarunt
346 202 492 238 autem
521 195 781 250 posterioris
811 194 967 237 aetatis
995 199 1223 249 auctores,
1254 200 1304 236 ut
1331 193 1412 235 Hi-

0 265 1 280 *
53 253 231 306 merius,
265 253 363 295 sine
393 252 483 294 ulla
514 252 808 306 dubitatione,
840 251 967 294 sicuti
999 249 1196 294 ostendit
1226 249 1412 292 Ruhn-

50 311 168 353 ken.
200 310 270 352 ad.
302 310 465 367 Hymn.
495 309 540 351 in
570 308 717 351 Cerer.
748 326 789 351 v.
827 311 890 352 19.
923 309 1062 351 Porro
1093 308 1413 352 dubitationem

51 383 139 410 non
169 367 308 409 levem
340 367 505 409 criticis
534 366 684 409 iniecit
713 365 939 408 άΐσσειν
969 365 1094 408 Libr.
1125 365 1208 408 IV.
1238 382 1281 423 p.
1313 366 1411 407 709.

51 426 108 467 Α.
150 425 225 467 ubi
266 440 346 480 pro
383 423 544 477 ἀΐξειεν
583 427 720 466 εἰπεῖν
758 422 1007 465 maluerunt
1054 421 1224 477 ἄρξειεν
1263 427 1412 466 εἰπεῖν.

51 481 141 525 Sed
179 488 298 523 recte
338 489 487 523 nostra
526 480 744 523 sententia
808 479 985 522 codices
1024 478 1223 523 Platonis
1263 494 1413 522 omnes

50 539 234 592 ἀΐξειον,
289 536 645 593 quandoquidem
692 536 862 579 ἀΐσσειν
913 542 982 578 est.
1034 551 1149 579 cum
1198 537 1414 592 impetu

51 596 193 638 ferri
234 594 299 636 ad
339 593 579 649 aliquid,
620 599 664 635 et
705 608 804 635 cum
844 592 1063 634 infinitivo
1103 594 1322 650 iungitur,
1365 599 1415 635 ut

51 652 169 710 apud
200 651 362 708 Diog.
404 651 515 693 Lae
530 656 592 692 rt.
632 649 715 692 VI.
757 651 824 692 87.
865 650 986 702 άΐξαι
1029 654 1099 692 ἐπὶ
1130 654 1414 707 φιλοσοφίαν

51 708 233 762 κυνικήν
265 723 363 750 cum
392 712 462 750 ἐπί
489 714 535 750 et
564 707 818 749 accusat-ivo
848 707 1101 762 copulatum
1132 713 1212 749 est.
1275 707 1414 750 Verbi

50 782 175 810 usum
214 764 470 820 ceteroquin
510 764 701 807 illustrat
739 763 1031 806 Ruhnken.
1072 764 1218 820 Epist.
1260 763 1413 808 Critic.

49 840 92 880 p.
124 824 192 866 34.
223 822 339 865 unde
368 821 628 879 intelligitur
666 836 764 863 eum
803 827 848 863 et
877 821 1023 877 ipsum
1053 820 1222 876 aliquid
1252 821 1414 878 poetici

49 882 224 924 habere.
284 878 517 936 Singulare
559 884 704 920 autem
744 884 813 920 est
842 878 1024 920 verbum
1056 878 1413 932 εὐθημονοῦ-

48 940 151 993 μαί
180 937 302 979 Libr.
333 936 415 978 VI.
446 951 488 992 p.
522 938 617 978 758.
650 936 726 989 B.,
760 934 881 990 quod
917 935 1158 978 Photius
1198 936 1413 992 interpre-

49 1001 167 1038 tatur
207 991 252 1036 εὖ
294 996 519 1036 τίθεσθαι
558 990 584 1045 ἢ
623 995 917 1046 συγκεῖσθαι,
950 993 1074 1035 cuius
1106 993 1295 1035 activam
1325 993 1413 1034 for-

50 1068 162 1095 mam
202 1051 445 1093 Tzetzes
488 1050 606 1093 Hist.
648 1049 685 1092 I.
716 1051 811 1092 367.
846 1049 994 1102 habet,
1026 1050 1246 1092 scribens:
1287 1047 1414 1104 γνά-

50 1114 191 1159 θοις
231 1106 564 1162 εὐθημόνει.
633 1106 724 1150 Sed
775 1107 904 1148 habet
947 1107 1055 1149 illud
1094 1114 1219 1149 tanto
1269 1108 1414 1150 minus

50 1165 329 1219 offensionis,
372 1179 459 1220 quo
501 1165 665 1207 certius
708 1170 881 1207 constat
920 1163 974 1206 de
1013 1164 1234 1221 probitate
1274 1165 1414 1206 nomi-

51 1239 156 1266 num
196 1219 515 1275 εὐθημοσύνη,
554 1237 641 1277 quo
681 1222 752 1264 usi
782 1227 886 1263 sunt
914 1221 1205 1264 Hesiodus
1236 1220 1340 1264 OO.
1371 1227 1416 1263 et

51 1281 155 1323 DD.
186 1281 284 1323 471.
313 1278 564 1335 Xenoph.
598 1277 762 1335 Cyrop.
793 1277 926 1321 VIII.
960 1279 1002 1331 5,
1036 1280 1075 1321 7.
1110 1285 1154 1321 et
1180 1278 1414 1332 εὐθήμων,

51 1336 172 1393 quod
209 1344 384 1392 praeter
413 1336 524 1378 alios
554 1335 687 1378 habet
729 1335 1057 1392 Aeschylus
1089 1334 1340 1392 Choephor.
1374 1336 1414 1377 8.

50 1395 194 1438 active
222 1393 333 1436 illud
363 1399 622 1449 usurpatum
652 1392 699 1434 in
728 1392 896 1435 verbis:
928 1395 1110 1446 δμωαὶ
1141 1401 1416 1447 γυναῖκες

51 1449 322 1505 δωμάτων
360 1451 699 1504 εὐθήμονες.
771 1448 993 1503 Quocirca
1022 1449 1097 1492 illo
1127 1465 1210 1492 nec
1239 1450 1413 1492 citerio-

51 1510 110 1551 ris
150 1507 417 1550 Graecitatis
456 1507 695 1562 scriptores
735 1508 800 1549 uti
832 1506 1169 1560 dubitaverunt,
1214 1507 1415 1550 Platonis

50 1566 115 1608 illi
143 1566 214 1608 hic
244 1579 420 1619 quoque
460 1565 636 1619 sequuti
668 1564 986 1607 auctoritatem.
1046 1564 1260 1606 Notatum
1291 1579 1414 1620 prae-

50 1629 171 1666 terea
197 1628 334 1664 estut
362 1622 501 1664 rarius
534 1623 1067 1675 παραποόίζεσθαι,
1098 1621 1413 1678 implicari,

52 1679 303 1733 irretiri,
344 1679 373 1721 i.
414 1694 450 1720 e.
491 1678 706 1722 iudicio
746 1693 842 1721 suo
872 1684 1263 1721 transversum
1294 1679 1414 1735 agi,

53 1752 114 1779 exv
145 1737 267 1779 Libr.
307 1735 370 1777 II.
411 1751 453 1791 p.
497 1737 594 1780 652.
642 1736 695 1777 B.
735 1735 853 1791 quod
893 1741 1015 1778 extat
1054 1735 1186 1778 etiam
1225 1736 1416 1792 Epistol.

52 1793 267 1836 Platon.
313 1793 420 1836 VII.
464 1795 562 1835 330.
608 1793 661 1834 B.
731 1792 866 1846 Quod
906 1799 1025 1835 certe
1064 1793 1310 1836 rectissime
1351 1792 1416 1834 di-

53 1858 171 1893 ctum
212 1856 280 1892 est
318 1856 362 1891 et
401 1851 563 1904 optime
604 1850 869 1905 explicatum
909 1865 934 1891 a
976 1849 1213 1892 Polluce
1255 1849 1415 1893 Onom.

55 1908 115 1952 11.
159 1908 253 1951 194.
293 1906 379 1948 IX.
423 1908 516 1949 134.
557 1912 606 1948 ut
644 1922 726 1948 nec
758 1906 1004 1948 mirandum
1035 1907 1118 1961 sit,
1152 1905 1271 1962 quod
1300 1906 1417 1948 idem

52 1963 163 2007 illud
199 1964 543 2018 frequentarunt
584 1963 715 2004 etiam
762 1963 998 2018 Polybius,
1056 1963 1220 2008 Sextus
1265 1962 1417 2019 Empi-

53 2022 196 2075 ricus,
238 2019 463 2073 Galenus,
503 2019 795 2074 lamblichus,
823 2020 912 2073 alii,
947 2035 1133 2075 quorum
1164 2020 1417 2063 testimonia

55 2079 126 2122 hic
164 2076 318 2120 afferre
359 2077 495 2134 piget.
555 2077 716 2131 Neque
745 2076 860 2119 enim
891 2077 1014 2120 verbi
1046 2092 1152 2120 usus
1182 2077 1321 2119 ullum
1350 2078 1417 2119 in-

53 2136 147 2179 iicit
187 2135 453 2192 scrupulum.
523 2134 622 2176 Nec
659 2149 763 2179 vero
804 2134 1124 2177 dubitationem
1155 2140 1302 2178 movet
1333 2139 1417 2178 σέ-

54 2195 173 2247 βειν
209 2193 278 2235 bis
318 2193 460 2234 active
501 2191 693 2247 positum
732 2191 854 2235 Libr.
894 2190 932 2233 I.
961 2206 1005 2247 p.
1038 2193 1137 2234 644.
1167 2194 1225 2235 A.
1259 2197 1304 2234 et
1333 2191 1416 2234 VI.

54 2266 97 2307 p.
129 2251 224 2293 777.
268 2249 340 2303 Ι).,
373 2264 507 2304 quum
548 2248 653 2291 alibi
684 2248 801 2304 apud
833 2249 1064 2292 Platonem
1095 2264 1230 2291 unum
1262 2250 1416 2303 σέβε-

56 2309 186 2356 σθαι,
222 2306 403 2348 verbum
431 2304 651 2359 medium,
683 2307 883 2363 usurpari
913 2306 1205 2349 consueverit.
1264 2306 1418 2348 Enim-

56 2378 158 2406 vero
197 2378 328 2418 quum
360 2363 494 2405 verbo
525 2363 672 2404 activo
702 2378 791 2405 non
819 2362 952 2406 modo
982 2369 1164 2419 poetae,
1204 2363 1418 2418 imprimis

58 2419 242 2475 scenici,
290 2419 371 2462 sed
416 2420 545 2462 etiam
588 2419 955 2477 Thucydides
1000 2420 1062 2462 ΙΙ.
1112 2423 1180 2463 43.
1228 2420 1417 2462 Xeno-

57 2476 205 2533 phon
242 2477 376 2520 Mem.
414 2476 496 2519 IV.
537 2479 590 2530 4,
648 2478 713 2521 19.
755 2484 798 2519 et
849 2477 1101 2532 Lucianus,
1158 2476 1416 2531 Pausanias,

59 2533 348 2588 Plutarchus,
379 2533 477 2587 alii,
509 2535 578 2576 usi
609 2534 722 2588 sint,
764 2533 872 2589 quid
899 2534 1078 2576 tandem
1107 2548 1291 2576 caussae
1321 2548 1418 2577 esse

59 2590 275 2645 dicemus,
320 2605 399 2634 cur
438 2591 614 2635 Platoni
653 2592 778 2634 verbi
812 2591 945 2634 activi
997 2607 1083 2634 usu
1133 2590 1418 2633 interdictum

10 2664 13 2666 ·
58 2647 255 2701 velimus,
285 2648 541 2704 praesertim
570 2663 704 2703 quum
725 2648 1014 2706 philosophus
1043 2647 1173 2692 etiam
1203 2647 1301 2690 aliis
1322 2663 1418 2690 ver-
