1644 2886
332 980 1082 1060 ARGUMENTUM

459 1123 637 1159 unul
661 1121 944 1158 SEPTIMI.

42 1280 264 1370 Sequitur
302 1323 352 1358 ut
390 1314 621 1358 dicendu'm
661 1317 718 1360 sit
757 1316 811 1360 de
853 1314 1109 1358 educatione
1139 1318 1182 1355 et
1211 1312 1385 1355 institu-

42 1371 157 1414 tione
194 1387 450 1427 puerorum,
491 1372 544 1415 de
571 1388 658 1428 qua
690 1380 733 1416 et
762 1374 931 1416 sancire
959 1373 1079 1430 leges
1111 1369 1311 1427 publicas
1342 1376 1386 1412 et

36 1443 123 1470 non
155 1430 324 1472 sancire
353 1445 490 1486 aeque
520 1429 696 1474 difficile
728 1439 808 1473 est.
867 1431 982 1474 Nam
1012 1444 1145 1485 quum
1175 1442 1241 1483 ea,
1273 1442 1384 1482 quae

37 1483 120 1527 hoc
157 1485 201 1528 in
228 1501 387 1544 genere
417 1487 470 1529 ab
501 1486 746 1531 hominibus
776 1488 909 1545 vulgo
938 1492 1199 1544 peccantur,
1240 1485 1385 1541 reipu-

36 1541 175 1585 blicae
215 1559 303 1586 non
341 1559 438 1587 raro
477 1544 711 1600 plurimum
751 1545 896 1588 damni
935 1545 1145 1598 inferant,
1187 1557 1275 1584 non
1304 1557 1383 1598 po-

34 1605 121 1642 test
148 1600 345 1656 profecto
375 1601 656 1658 gravissimus
687 1602 758 1645 hic
785 1603 908 1645 locus
938 1602 1127 1659 alegum
1156 1598 1385 1643 conditore

34 1656 162 1713 plane
201 1658 486 1714 praetermitti
524 1659 709 1703 silentio.
787 1659 876 1703 Sed
916 1675 1050 1716 quum
1101 1671 1183 1700 nec
1222 1656 1383 1706 omnia,

36 1727 146 1769 quae
199 1716 417 1771 pertinent
465 1715 522 1758 ad
569 1716 898 1772 educationem,
945 1717 1092 1773 legum
1138 1714 1384 1771 praeceptis

34 1771 205 1827 possint
255 1772 588 1830 comprehendi,
630 1773 985 1830 quandoquidem
1034 1772 1244 1829 pleraque
1294 1787 1383 1813 om-

34 1827 133 1883 nia,
172 1843 284 1883 quae
326 1844 377 1871 eo
417 1830 659 1886 pertinent,
697 1831 753 1873 ad
781 1832 897 1874 vitae
927 1830 1123 1887 privatae
1153 1843 1205 1871 ac
1235 1827 1382 1870 dome-

35 1885 171 1927 sticae
211 1885 403 1928 rationes
437 1887 706 1942 referuntur,
756 1903 865 1943 quas
906 1901 1056 1930 omnes
1098 1901 1149 1928 ac
1189 1884 1384 1942 singulas

35 1941 207 1998 legibus
255 1941 438 1985 definire
486 1950 528 1986 et
583 1944 848 1988 constituere
898 1945 1007 1986 velle
1052 1943 1141 1997 sic,
1190 1948 1240 1984 ut
1277 1940 1385 1984 nihil

35 2004 188 2041 contra
215 1998 308 2054 fiat,
339 2015 464 2043 nemo
504 2001 731 2057 quisquam
763 2016 955 2058 unquam
984 1999 1172 2043 voluerit
1201 2004 1278 2042 aut
1306 2013 1384 2055 po-

37 2055 189 2108 tuerit3
233 2057 713 2114 periculosum,utique
760 2058 899 2102 videri
949 2057 1104 2112 debet,
1159 2056 1281 2113 leges
1330 2055 1384 2098 de

36 2111 270 2156 iuventutis
301 2114 559 2157 educatione
598 2116 835 2173 propositis
865 2115 994 2158 simul
1024 2115 1176 2172 poenis
1207 2122 1253 2156 et
1281 2127 1385 2170 sup-

67 2168 176 2212 liciis
215 2171 388 2227 publice
428 2172 639 2228 scribere,
688 2180 920 2230 propterea
959 2171 1078 2228 quod
1108 2171 1178 2229 ⁸ita
1215 2169 1385 2222 accidet

54 2226 261 2282 acillime,
303 2234 353 2270 ut
393 2227 613 2284 homines,
653 2231 808 2287 poenis
847 2230 931 2278 hoc
969 2231 1015 2272 in
1044 2243 1203 2287 genere
1233 2242 1383 2271 assue-

36 2281 162 2338 facti,
203 2285 332 2328 etiam
372 2285 479 2329 alias
518 2286 638 2344 leges
680 2293 954 2330 contemnere
994 2302 1045 2330 ac
1088 2285 1212 2343 njhili
1255 2285 1383 2328 aesti-

37 2354 152 2383 mare
197 2342 423 2400 incipiant.
503 2342 723 2397 Quocirca
759 2359 870 2400 quae
918 2344 991 2387 hic
1029 2343 1272 2400 exposituri
1311 2357 1382 2385 su-

29 2411 156 2461 ·mus,
197 2413 248 2441 ea
286 2407 626 2444 consentaneum
673 2402 755 2443 erit
794 2401 1079 2444 admonitioni
1109 2407 1153 2443 et
1182 2399 1384 2443 cohorta-

38 2453 145 2494 tioni
182 2469 307 2509 quam
345 2457 431 2515 legi
470 2473 566 2501 esse
604 2459 824 2502 similiora.
883 2459 954 2502 Ita
982 2458 1096 2501 enim
1125 2471 1303 2514 sperare
1332 2456 1384 2498 li-

39 2515 122 2563 cet,
153 2510 268 2555 cives
296 2513 348 2557 iis
378 2514 491 2558 ultro
533 2531 582 2558 ac
616 2522 769 2572 sponte
800 2531 894 2559 esse
923 2516 1275 2573 morigeraturos.
1332 2512 1381 2554 P.

39 2566 133 2609 788.
176 2569 218 2608 A
249 2593 303 2600 —
332 2569 382 2613 C.
412 2598 466 2603 —
524 2572 606 2616 Est
647 2580 791 2616 autem
833 2573 1080 2616 educationi
1118 2570 1226 2614 nihil
1266 2569 1382 2613 aliud

39 2630 308 2678 propomtum
344 2627 427 2670 nisi
455 2628 538 2672 hoe
554 2663 567 2685 ,
598 2636 647 2673 ut
676 2631 844 2674 animus
874 2632 1035 2686 pariter
1063 2634 1195 2684 atque
1224 2643 1381 2685 corpus

41 2675 95 2718 ad
130 2693 257 2734 quam
299 2683 505 2729 maximae
546 2687 854 2743 pulcritudinis
895 2693 939 2730 et
982 2685 1259 2744 perfectionis
1289 2684 1380 2728 lau—
