1644 2886
258 97 341 139 XC
445 93 448 96 ⁴
693 99 1166 143 PROLEGOMENA

259 211 460 266 colligere
503 210 650 261 liceat,
693 210 928 251 orationem
970 226 1061 253 csse
1091 211 1172 253 hoc
1203 212 1246 252 in
1278 227 1433 267 genere
1467 214 1590 257 vitio-

257 281 360 310 sam.
419 265 688 318 Quamquam
722 280 806 306 non
840 272 905 307 est
933 266 1215 319 diffitendum,
1246 269 1421 323 reperiri
1453 270 1522 312 hic
1552 278 1595 312 et

257 322 368 374 illic,
409 335 519 374 quae
550 321 688 361 minus
719 319 894 362 definite
924 328 968 363 et
996 330 1219 376 accurate,
1261 339 1387 377 quam
1427 341 1506 380 pro
1547 342 1592 367 re

257 384 356 418 nata
396 376 553 427 velles,
595 377 817 417 enuntiata
855 384 969 418 sunt.
1030 377 1118 420 Sed
1149 378 1254 420 haec
1283 380 1453 433 quidem
1485 382 1592 424 alius

257 440 356 474 sunt
386 431 555 486 generis
575 446 716 485 neque
748 432 894 474 referri
916 433 1073 475 debent
1102 433 1156 475 ad
1187 434 1445 490 hyperbolae
1466 453 1590 479 usum

256 487 526 528 temerarium
558 494 632 528 aut
660 488 863 543 ineptum.
1220 523 1222 525 .

369 598 627 640 Accedimus
666 598 718 639 ad
758 598 937 640 alterum
976 599 1109 653 illud,
1143 600 1259 655 quod
1289 601 1333 642 in
1364 602 1589 644 universae

256 654 461 695 orationis
502 654 654 696 habitu
694 655 893 696 vitiosum
932 662 1156 706 notarunt3
1197 656 1364 711 dequo
1396 659 1434 699 νζ
1466 658 1590 699 Zel-

256 711 406 752 ierus
446 710 471 752 l.
512 726 548 751 c.
580 727 620 766 p.
663 713 727 751 76.
759 725 824 765 sq.
891 710 1051 752 Putant
1093 713 1205 753 enim
1245 727 1338 754 eam
1378 728 1587 768 saepenu-

255 781 370 807 mero
403 766 529 811 nimis
559 768 888 808 amfractuosam
920 773 963 808 et
990 783 1100 809 vano
1131 775 1288 809 conatu
1319 783 1394 824 per
1423 769 1589 825 longio-

254 837 320 864 res
369 823 572 878 ambages
611 822 784 863 ductam
820 837 930 864 esse.
996 823 1048 863 In
1097 838 1182 877 quo
1222 824 1303 865 etsi
1351 825 1454 866 item
1500 827 1589 867 veri

253 877 458 932 quiddam
492 879 622 931 inest,
655 878 865 933 siquidem
899 893 1028 933 supra
1058 878 1243 920 vidimus
1277 895 1515 921 sermonem
1548 888 1591 922 et

253 934 398 976 senilis
446 934 673 975 facundiae
726 935 910 989 speciem
969 936 1127 975 referre
1173 942 1215 976 et
1267 935 1322 976 ad
1371 936 1589 991 popularis

252 990 562 1044 intelligentiae
602 997 773 1043 captum
813 1005 907 1032 esse
946 991 1256 1044 compositum,
1298 998 1439 1033 tamen
1480 1007 1589 1046 quae

251 1046 422 1101 singula
458 1045 512 1086 ad
551 1045 818 1100 arguendum
858 1045 939 1087 hoc
977 1046 1126 1087 vitiu-m
1165 1047 1209 1087 in
1248 1046 1433 1088 medium
1462 1047 1590 1089 allata

252 1109 376 1154 sunt,
418 1116 468 1142 ea
499 1109 615 1142 certe
654 1102 703 1142 vi.
727 1101 936 1156 probandi
967 1100 1123 1143 idonea
1152 1102 1238 1143 fere
1269 1117 1414 1144 carere
1444 1105 1588 1145 existi-

251 1172 428 1198 mamus.
499 1156 627 1208 Quod
670 1172 818 1198 rursus
849 1157 911 1198 ita
941 1156 1096 1198 docere
1127 1158 1282 1213 placet,
1321 1164 1368 1199 ut
1397 1159 1587 1215 singulo-

252 1228 342 1253 rum
373 1213 563 1253 locorum
594 1219 812 1266 tamquam
843 1227 1017 1254 censum
1049 1228 1237 1267 agamus.
1297 1213 1428 1266 Quod
1457 1216 1588 1271 igitur

249 1268 433 1323 primum
487 1268 570 1309 huc
618 1268 740 1309 relati
789 1275 889 1310 sunt
933 1269 963 1310 ii
1000 1269 1111 1321 loci,
1165 1270 1208 1310 in
1263 1270 1418 1324 quibus
1457 1286 1587 1313 unum

249 1324 450 1378 idemque
487 1324 614 1365 simul
654 1331 696 1365 et
733 1324 932 1380 negando
963 1331 1006 1366 et
1033 1324 1288 1367 affirmando
1319 1326 1586 1381 exprimitur,

250 1387 299 1422 ut
342 1381 460 1422 Libr.
501 1380 582 1421 lV.
623 1395 663 1435 p.
707 1382 799 1422 718.
840 1381 895 1421 D.
943 1384 1003 1434 μὴ
1034 1386 1160 1434 μέγα,
1194 1381 1380 1434 σμικρόν
1410 1385 1474 1425 δέ.
1504 1383 1585 1424 Vl.

282 1471 289 1479 .
330 1439 423 1478 754.
471 1437 520 1477 E.
568 1436 628 1487 μὴ
659 1436 816 1488 καλήν,
855 1436 941 1478 ἀλλ’
975 1437 1181 1491 αἰσχράν,
1225 1443 1291 1478 est
1327 1437 1409 1479 hoc
1450 1453 1586 1493 genus

248 1453 451 1545 lbquendi
491 1493 687 1547 profecto
739 1489 921 1534 Graecis
976 1491 1082 1533 adeo
1134 1493 1478 1546 frequentatum,
1535 1502 1582 1535 ut

251 1549 366 1590 nullo
399 1554 524 1603 pacto
554 1547 867 1600 intelligamus,
900 1563 974 1589 cur
1004 1548 1109 1589 illud
1137 1548 1181 1589 in
1215 1549 1406 1604 Legibus
1438 1549 1583 1591 Plato-

249 1605 316 1645 nis
351 1604 478 1644 alicui
519 1604 758 1659 displiceat.
834 1603 916 1644 Cui
966 1604 1075 1645 enim
1125 1604 1272 1659 ignota
1314 1611 1414 1646 sunt
1462 1605 1583 1646 talia:

250 1660 502 1715 Sophocl.
541 1659 651 1702 Oed.
682 1660 780 1716 Tyr.
825 1675 862 1700 v.
897 1661 1014 1702 1230.
1047 1663 1153 1701 ἑκών
1183 1661 1290 1702 ’κούκ
1320 1658 1450 1702 ἄκων.
1471 1660 1581 1703 Oed.

249 1715 342 1757 Col.
385 1732 422 1757 v.
473 1716 568 1756 935.
610 1717 688 1767 βίᾳ
741 1731 784 1756 τε
824 1715 930 1769 κούχ
967 1715 1088 1758 ἑκών.
1125 1715 1177 1756 de
1217 1716 1374 1769 quibus
1415 1722 1584 1771 praeter

249 1772 356 1812 a'lios
398 1771 630 1826 explicavit
668 1771 959 1826 Reisigius
999 1786 1096 1811 ann.
1138 1771 1230 1812 crit.
1260 1770 1313 1812 ad
1346 1771 1456 1813 Oed.
1489 1771 1581 1814 Col.

247 1844 288 1883 p.
311 1826 436 1869 203?
492 1829 581 1868 Aut
612 1828 708 1881 quis
730 1825 922 1867 offendat
952 1827 994 1867 in
1015 1827 1252 1868 Platonicis
1284 1827 1366 1869 illis
1391 1827 1582 1882 Sopliist.

282 1916 290 1924 .
323 1884 418 1924 216.
450 1882 500 1923 C.
539 1883 599 1934 μὴ
629 1885 828 1931 πλαστῶς
855 1883 941 1924 ἀλλ’
975 1882 1111 1931 ὅπως
1142 1882 1401 1939 φιλόσοφοι.
1462 1884 1581 1939 Reip.

248 1899 327 1980 ¹3⁷1.
361 1953 401 1992 p.
440 1940 536 1979 485.
571 1939 622 1979 Ι).
653 1936 713 1988 μὴ
743 1940 1053 1990 πεπλασμέναις
1081 1938 1166 1979 ἀλλ’
1199 1938 1396 1992 ἀληθῶς,
1426 1940 1582 1993 quibus

248 1995 505 2037 simillimum
547 2001 612 2036 est
650 1993 768 2035 istud
809 1995 946 2050 Legg.
1000 1994 1035 2034 Ι.
1076 2010 1117 2049 p.
1165 1995 1259 2037 642.
1303 1995 1351 2035 C.
1400 1998 1585 2045 άληθῶς
1642 2037 1644 2050 y

247 2054 318 2093 καὶ
359 2049 455 2092 οὔτι
498 2053 698 2099 πλαστῶς
745 2054 854 2092 εἰσὶν
895 2051 1097 2101 dycta-01?
1157 2049 1384 2102 Quocirca
1422 2050 1474 2092 de
1515 2051 1581 2092 his
1641 2077 1642 2080 =

247 2106 417 2161 quidem
450 2107 581 2148 verbo
612 2106 829 2147 monuisse
860 2106 965 2147 satis
996 2106 1088 2147 erit.
1150 2106 1302 2159 Neque
1332 2121 1435 2147 vero
1466 2113 1579 2148 recte
1639 2113 1641 2144 ἐ

247 2163 328 2204 huc
382 2162 640 2215 pertraxeris
690 2177 814 2204 usum
854 2162 1107 2217 epexegesis
1148 2162 1267 2203 Libr.
1321 2161 1354 2202 I.
1403 2177 1446 2216 p.
1485 2164 1578 2205 647.

1637 2178 1640 2219 l

249 2219 301 2259 Ι).
348 2217 431 2260 ΙΙΙ.
472 2234 510 2273 p.
545 2220 638 2259 687.
671 2217 721 2260 C.
754 2219 848 2258 696.
882 2221 934 2259 Α.
966 2217 1039 2270 aL,
1081 2232 1189 2271 quae
1233 2232 1257 2258 a
1287 2217 1507 2259 Zellero
1538 2234 1577 2273 p.
1636 2237 1638 2253 π

246 2277 310 2315 77.
348 2280 564 2327 tamquam
606 2273 835 2314 insolentia
864 2279 1078 2314 notantur.
1139 2273 1257 2314 Talis
1287 2273 1397 2314 enim
1426 2288 1577 2328 epexe-

255 2330 358 2372 resis
389 2345 592 2384 perquam
623 2330 781 2370 usitata
801 2335 878 2383 est,
909 2335 958 2370 ut
986 2329 1086 2370 alibi
1106 2328 1385 2370 ostendimus.
1443 2329 1580 2370 Porro
1633 2369 1634 2379 ,

1634 2297 1637 2317 l

1634 2331 1635 2348 l

277 2401 300 2428 e
331 2386 436 2427 locis
467 2386 586 2426 Libr.
619 2385 678 2427 ΙΙ.
712 2402 750 2440 p.
784 2388 876 2426 660.
910 2390 964 2426 A.
997 2386 1073 2435 τὴν
1103 2388 1148 2426 ὑὲ
1180 2387 1264 2426 τῶν
1292 2387 1494 2437 πονηρῶν
1525 2410 1577 2415 --
1632 2415 1644 2439 ,μ’

246 2447 291 2483 ἐν
320 2442 484 2493 ἀηδέσι.
515 2442 569 2482 V.
601 2458 641 2497 p.
677 2443 767 2482 740.
804 2442 857 2482 D.
889 2440 915 2492 ἢ
945 2449 1038 2489 τοῖς
1059 2443 1311 2482 ἐλλείπουσι.
1345 2440 1379 2481 Ι.
1411 2457 1450 2494 p.
1483 2443 1575 2482 632.
1630 2443 1644 2491 ,f

250 2498 301 2537 l).
335 2506 429 2546 τοῖς
457 2499 503 2538 δὲ
531 2496 679 2546 ἄλλοις
703 2497 805 2549 ἡμῖν
835 2521 885 2528 —-
918 2499 1165 2552 καταφανῆ.
1200 2496 1299 2537 VII.
1332 2512 1372 2551 p.
1403 2498 1495 2538 816.
1525 2497 1575 2537 E.
1628 2492 1644 2549 ἧξ-

246 2552 396 2595 κυινὸν
437 2555 483 2594 δὲ
524 2552 591 2595 ἀεί
623 2570 662 2594 τι
694 2556 939 2606 φαίνεσθαι
971 2569 1007 2593 κ.
1040 2568 1076 2592 τ.
1108 2554 1144 2592 λ.
1186 2552 1385 2594 consulas
1416 2567 1575 2606 quaeso
1627 2551 1641 2590 ³*ss

245 2608 586 2650 Commentarios
616 2618 810 2651 nostros.
852 2625 900 2649 ae
933 2608 1056 2649 facile
1085 2606 1264 2660 videbis,
1298 2623 1349 2648 ne
1382 2607 1450 2649 liic
1482 2608 1574 2662 qui-
1625 2628 1630 2668 κέ
