1644 2886
0 1765 120 1799 ΔΧΙ.

232 79 315 148 DE
350 77 626 121 LEGIBUS
662 77 779 120 [AB.
819 77 872 119 V.
911 78 957 119 P.
994 79 1089 120 744.
1125 79 1190 120 St.
1359 78 1408 119 77

51 197 135 248 τὴν
179 195 351 251 αὑτοῦ,
399 197 508 252 μηδὲ
554 194 669 238 κατὰ
716 194 1098 255 σωμάτωνχὶσχῦς
1141 196 1215 236 καὶ
1250 194 1409 250 εὐμορ-

51 267 186 322 φίας,
232 262 350 306 ἀλλὰ
401 265 474 306 καὶ
521 261 636 305 κατὰ
684 263 883 305 πλούτου
934 264 1092 317 χρῆσιν
1138 264 1210 304 καὶ
1254 265 1408 312 πενίας

53 329 138 380 τὰς
174 329 307 386 τιμοὲς
342 346 387 374 τε
422 332 496 372 καὶ
531 328 676 385 ἀρχὰς
707 328 766 379 ὡς
799 333 1010 372 ἰσαίτατα
1048 330 1107 384 τῷ
1146 328 1284 383 ἀνίσῳ
1304 329 1406 385 ξυμ-

50 404 193 452 μέτρῳ
240 400 284 441 δὲ
327 397 731 452 ἀπολαμβάνοντες
775 394 836 452 μὴ
890 399 1201 455 διαφέρωνται.
1241 399 1411 441 τούτων

0 459 17 476 'l
47 463 182 521 χάριν
222 469 411 521 τέτταρα
455 467 635 519 μεγέθει
684 466 761 516 τῆς
803 463 958 514 οὐσίας
1007 463 1233 519 τιμήματα
1271 472 1411 508 ποιεῖ-

146 593 187 627 C.
237 594 401 636 χρῆσιν
432 594 498 626 καὶ
529 592 705 648 πενίας]
731 595 852 647 σιτωνίαν
875 597 917 627 A.
942 595 967 627 f.
993 599 1029 628 et
1053 605 1163 638 marg.
1193 592 1232 629 Ω.
1261 606 1291 628 a.
1317 594 1411 638 quod

51 641 108 675 ed.
134 639 338 673 Schneider.
389 640 474 673 Dein
501 639 557 671 καὶ
583 638 642 670 τὰς
666 635 770 681 ἀρχὰς
798 640 838 671 Β.
866 650 900 673 x.

146 685 326 728 τέτταρα
360 685 567 728 μεγέθει]
601 685 720 726 Vulgo
751 685 892 729 μεγέθη,

942 685 1110 722 Dativum
1148 689 1300 720 servavit
1324 696 1413 720 unus

54 732 134 766 Par.
161 733 207 765 A.
234 732 326 766 unde
355 742 433 765 cum
462 732 624 765 Bekkero
648 731 879 766 restituimus.

53 843 138 877 κατὰ
173 842 235 887 τὴν
276 841 375 886 α’ξιάς
411 841 526 886 τιμήν,
577 843 695 876 subito

53 895 206 925 mutatur
245 891 428 924 inchoatae
465 890 697 923 constructio-

51 937 103 971 nis
149 942 268 978 tenor,
322 938 553 979 poniturque,
604 945 696 968 110νο

51 988 242 1026 augmento
267 985 462 1016 sententiae
476 984 583 1023 facto,
611 978 697 1014 ἄπο-

54 1027 286 1071 λαμβάνοντες
310 1028 358 1072 μὴ
386 1028 563 1071 διαφέρων
567 1040 629 1067 ται,
654 1026 697 1061 ad

53 1075 147 1117 quod
185 1076 402 1116 subiectum,
439 1076 556 1108 denuo
596 1076 698 1107 itera-

54 1127 143 1163 tum,
161 1132 244 1156 casu
265 1122 470 1155 accusativo
486 1121 696 1163 adiungitur.

52 1168 177 1210 Itaque
214 1167 294 1200 nihil
329 1168 394 1201 nisi
429 1165 512 1199 κατὰ
546 1167 698 1199 inseren-

52 1213 134 1247 dum
181 1213 332 1247 videtur.
402 1213 474 1248 Sed
522 1212 699 1246 addidisse

53 1263 238 1302 praeterea
269 1259 399 1292 iuvabit
429 1269 519 1302 quse
550 1258 593 1292 ad
626 1259 697 1290 sin-

51 1307 152 1348 gulas
182 1305 354 1339 dictiones
385 1305 610 1339 illustrandas
635 1314 697 1337 va-

52 1353 165 1395 leant,
222 1361 291 1394 quo
349 1353 460 1394 magis
513 1354 698 1394 appareat,

52 1407 142 1440 quae
168 1397 213 1430 sit
238 1396 345 1430 totius
369 1398 503 1440 periodi
528 1398 618 1430 ratio
643 1401 696 1429 at-

53 1454 121 1485 que
165 1443 413 1477 conformatio.
480 1444 600 1485 ltaque
638 1440 698 1485 τὴν

54 1486 153 1531 ἀξίας·
169 1488 266 1531 τιμὴν
281 1489 504 1544 intelligimus
525 1489 545 1521 d
556 1501 575 1522 e
601 1500 621 1531 p
634 1500 650 1522 r
661 1500 697 1522 e-

54 1537 115 1569 tio
140 1536 505 1576 aestimationis,
537 1535 568 1568 h.
596 1546 626 1568 e.
654 1535 698 1568 de

53 1582 167 1626 pretio
223 1582 469 1615 aestimatione
526 1581 695 1614 bonorum

54 1627 259 1666 constituto,
284 1637 312 1660 s.
339 1637 457 1661 censu.
499 1627 559 1660 Sic
586 1623 606 1669 ἦ
622 1623 702 1667 ἀξία

53 1674 178 1717 legitur
202 1674 288 1707 infra
315 1673 408 1707 Libr.
436 1673 540 1708 VIII.
568 1673 699 1716 p..845

55 1719 97 1753 E.
129 1719 194 1753 lx.
227 1731 260 1762 p.
287 1719 368 1754 865.
405 1719 444 1752 C.
505 1719 626 1754 8.78.
656 1720 698 1752 D.

186 1765 305 1800 .921
338 1765 381 1798 Β.
425 1765 504 1820 934.
543 1765 583 1798 Β.
617 1765 698 1800 936.

57 1811 99 1846 Ι).
123 1776 182 1845 alp
206 1811 296 1844 Post
320 1808 404 1843 κατὰ
430 1810 492 1853 τὴι-
518 1812 579 1853 τῆς
603 1807 702 1852 ἅξιας

56 1854 214 1890 ἑκάστοις
237 1855 336 1899 τιμήν
358 1867 442 1890 vero
462 1857 554 1899 quod
574 1857 700 1890 deiude

58 1902 350 1936 denuoinfertur.
378 1899 459 1934 ἀλλὰ
482 1900 566 1935 κατὰ
592 1901 700 1934 πλού-

57 1960 120 1981 του
143 1949 279 1992 χρῆσιν,
306 1957 373 1981 11011
400 1948 527 1982 desunt
548 1949 701 1982 alianu-

57 1996 113 2028 ius
147 1995 341 2028 iterationis
375 1995 581 2082 exempla-p
595 2004 699 2036 quam

56 2041 90 2075 in
124 2051 198 2075 rem
230 2041 391 2075 conseras
417 2041 528 2082 Gorg.
619 2041 699 2076 52¹.

58 2087 99 2122 Ι).
245 2085 366 2122 .452.
404 2085 443 2119 Ε.
483 2097 515 2128 p.
547 2051 627 2120 454.
660 2087 701 2118 C.

58 2133 242 2176 Protagor.
279 2145 311 2176 p.
343 2131 423 2167 344.
458 2132 503 2164 D.
557 2131 628 2165 Sed
668 2133 702 2164 in

58 2179 112 2212 his
138 2180 220 2222 ipsis
240 2180 355 2212 verbis
373 2189 415 2211 ne
432 2179 507 2219 quis
533 2189 596 2221 pro
621 2178 702 2221 χρῆ-

59 2236 112 2258 σιν
135 2235 212 2259 cum
242 2227 370 2259 Astio
396 2225 515 2267 κτῆσιν
534 2224 702 2267 refingen·

60 2270 141 2304 dum
176 2282 254 2306 esse
292 2275 453 2311 censeat,
493 2271 616 2313 χρῆσιν
655 2270 702 2303 ita

60 2315 127 2350 dici
165 2316 510 2351 animadvertendum
552 2321 623 2356 est,
666 2321 704 2348 ut

59 2371 128 2395 non
159 2364 267 2397 modo
302 2360 456 2395 πλούτου
493 2362 554 2395 sed
596 2363 701 2395 etiam

61 2409 180 2442 nevius·
194 2411 366 2452 genitivus
388 2408 514 2442 exinde
536 2408 704 2450 pendeat3

61 2458 159 2487 recte
184 2455 272 2488 enim
305 2455 436 2488 dictum
471 2459 525 2488 est
548 2455 705 2496 χρῆσθαι

34 2501 173 2543 ⁴vtem'qc.
228 2501 342 2535 Porro
382 2501 476 2542 quod
515 2501 610 2533 cives
650 2501 702 2533 di-

64 2549 188 2578 cuntur
219 2546 442 2589 magistratus
484 2551 520 2579 et
550 2547 702 2578 honores

63 2591 216 2624 nancisci
248 2592 376 2625 debere
406 2602 508 2634 qnam
551 2592 702 2625 maxime

63 2633 492 2726 32⁹22¹⁵252„.1÷⁹{..:{‡2⁰‘·.³³„
519 2637 701 2727 ξ”.ἰμὶἓῖῗῖ

764 855 822 878 sus
846 844 1093 887 inaequalitate
1123 849 1238 878 tamen
1263 845 1413 878 rationis

763 892 861 933 quasi
910 892 1175 933 congruentiam
1223 892 1410 933 quandam,

764 947 870 980 quam
910 939 1014 978 vulgo
1047 937 1309 980 proportionem
1347 948 1411 970 vo—

766 993 909 1024 camus,
935 984 1048 1016 locum
1076 983 1224 1024 habere,
1251 983 1296 1017 ad
1322 985 1412 1018 eius-

766 1040 835 1072 que
870 1030 983 1072 legem
1016 1029 1204 1072 dignitates
1239 1034 1275 1063 et
1305 1029 1413 1063 hono-

766 1087 823 1110 res
863 1075 1021 1108 distribui
1067 1086 1186 1114 posse.
1250 1076 1413 1119 Denique

769 1133 833 1165 pro
866 1119 910 1164 μή
943 1118 1019 1154 κατ’
1061 1118 1186 1164 ἀρετὴν
1227 1121 1339 1161 μόνον
1369 1134 1413 1156 ne

766 1170 843 1222 quis
873 1169 1028 1209 requirat
1061 1169 1115 1199 καὶ
1134 1166 1191 1222 pr]
1225 1165 1301 1201 κατ’
1333 1165 1411 1211 α’ρε-

768 1226 829 1257 tra·
853 1225 886 1255 μ.
914 1216 967 1248 vel
993 1210 1074 1246 ἀλλὰ
1098 1211 1144 1257 μὴ
1171 1211 1250 1247 κατ’
1284 1211 1338 1257 ἀρ.
1365 1227 1411 1256 μ.

766 1262 859 1294 conf.
892 1270 970 1293 aim.
1008 1259 1051 1293 ad
1084 1260 1229 1303 Protag.
1262 1272 1294 1304 p.
1328 1261 1410 1297 337.

768 1307 808 1340 Β.
861 1307 981 1348 Atque
1027 1306 1080 1339 his
1124 1307 1170 1339 ita
1209 1307 1409 1351 explicatis,

765 1353 834 1386 iam
883 1352 1024 1385 tandem
1067 1352 1186 1386 licebit
1225 1354 1408 1396 periodum

765 1399 850 1432 satis
882 1398 1087 1441 impeditam
1124 1399 1229 1432 etiam
1259 1400 1410 1433 Germa-

765 1446 843 1478 nice
874 1444 1042 1478 imitando
1082 1446 1299 1488 exprimere,
1340 1456 1411 1489 quo

765 1491 882 1524 omnia
907 1491 991 1524 fiant
1016 1500 1119 1533 quam
1154 1493 1304 1525 maxime
1329 1503 1410 1534 per·

766 1539 896 1580 spicua.
954 1538 1076 1579 Itaque
1105 1537 1155 1570 sic
1186 1538 1260 1571 fere
1296 1540 1409 1580 loqui-

766 1589 823 1616 tur
842 1582 1079 1625 Atheniensis:
1107 1584 1412 1628 Damitobrig-

768 1629 986 1663 keitliclie
1048 1631 1263 1664 Aemter
1316 1630 1409 1664 und

771 1676 1036 1709 Beisteuern
1084 1676 1165 1709 und
1203 1676 1410 1718 Verthei-

770 1723 927 1764 lungen
953 1721 1055 1754 nach
1090 1722 1179 1756 dem
1215 1722 1288 1755 fiir
1315 1725 1410 1757 Alle

768 1767 1408 1812 abgeschiitzteuVermt’igens-

769 1814 982 1854 bestand,
1007 1813 1130 1847 nicht.
1149 1815 1273 1848 bloss
1299 1815 1409 1848 nach

769 1859 844 1892 der
873 1859 1106 1892 Voriiltern
1132 1861 1239 1894 oder
1261 1861 1411 1904 cigner

769 1905 1078 1947 persfinlicli
1099 1916 1150 1938 er
1183 1906 1410 1948 Tugend‚

769 1950 874 1983 ancli
927 1950 1052 1983 nicht
1093 1949 1202 1984 nach
1247 1952 1412 1986 Stfirke

770 1995 851 2028 und
882 1995 1179 2039 Wolilgestalt
1204 1997 1280 2032 des
1307 1998 1412 2032 Kar-

770 2052 893 2085 ρει-ε,
942 2060 987 2066 —-
1036 2043 1223 2076 sondern
1278 2043 1413 2077 damit

770 2088 875 2121 Alle
899 2086 1308 2122 nachVerhiiltniss
1333 2089 1411 2123 des

773 2134 988 2175 Besitzes
1026 2144 1106 2168 von
1142 2135 1409 2169 Reicmhum

770 2179 852 2213 und
902 2180 1087 2213 Armutll
1131 2181 1275 2215 Ehren
1327 2182 1410 2215 und

773 2230 950 2260 Aemter
991 2238 1036 2260 so
1085 2228 1412 2270 gleichmiissig

771 2271 847 2304 wie
895 2273 1112 2315 mfiglieh,
1174 2273 1283 2307 nach
1335 2275 1412 2308 Un-

771 2316 986 2359 glofcbem
1015 2329 1150 2359 zwar‚
1176 2320 1278 2352 aber
1303 2319 1412 2352 nach

768 2364 1173 2406 ,entsprechendem
1208 2364 1411 2399 Verhiilt-

770 2409 891 2443 nisse
910 2409 1108 2443 erhalten
1134 2412 1216 2444 und
1234 2422 1281 2444 so
1299 2411 1415 2444 nicht

771 2455 1412 2499 inZwistigkeitengerathen.

815 2501 856 2534 C.
907 2501 1085 2546 τέτταρα
1137 2502 1322 2546 μεγέθει
1367 2521 1414 2528 —-

772 2544 1000 2590 τιμήματα]
1027 2549 1197 2582 Similiter
1221 2553 1329 2590 atque
1344 2547 1411 2581 So·

770 2594 824 2624 lon
850 2594 1010 2627 instituit.
1041 2606 1071 2626 v.
1098 2593 1141 2626 ad
1172 2594 1265 2627 libr.
1293 2594 1350 2627 ΙΙΙ.
1377 2606 1409 2636 p.

769 2638 848 2673 698.
877 2639 916 2672 Β.
942 2641 1020 2675 coll.
1064 2640 1250 2672 Boeckh.
1274 2640 1409 2674 Oecon.

771 2688 840 2717 Au.
877 2684 952 2718 Vol.
980 2686 1020 2719 ll.
1056 2698 1086 2729 p.
1114 2686 1159 2720 29
1186 2696 1235 2728 sq.
1264 2697 1306 2718 Ξ
1334 2686 1408 2719 Vol.
