1644 2886
255 101 389 144 XCII
680 102 796 142 PRO
808 100 1156 143 DEGOMENA

254 212 296 252 in
346 213 528 253 oratoria
576 212 709 254 totius
751 211 892 266 operis
942 187 1106 252 tatione
1158 218 1202 252 et
1251 213 1588 255 coniormatioue

255 266 534 309 off.enderent
610 267 764 321 Itaque
812 265 867 307 ad
926 266 1036 308 hanc
1085 266 1418 322 disputationem
1476 284 1588 311 nunc

255 321 607 378 transgredimur.

751 720 871 795 Cap.
929 720 1058 779 xix.

254 842 326 876 lle
359 841 495 876 vinis
528 841 813 884 quibusdam
844 842 1081 876 oratoriis
1115 842 1293 885 Legum
1325 840 1465 883 operi
1500 840 1587 874 ad-

503 898 824 932 haerentibus
846 907 1108 942 eorumque
1135 899 1341 932 canussiu-

365 986 647 1028 Ostendimus
686 986 817 1042 igitur
860 987 1090 1039 hactenus,
1136 986 1238 1040 quid
1269 985 1322 1027 de
1357 986 1590 1028 virtutibus

253 1044 460 1083 orationis
502 1043 542 1082 in
572 1042 762 1098 Legibus
805 1043 988 1084 usitatae
1019 1041 1347 1084 existimandum
1378 1043 1452 1094 sit,
1484 1042 1586 1083 feei-

252 1113 432 1151 musque
454 1098 498 1139 id
528 1114 578 1138 ea
608 1099 785 1150 vitione,
817 1105 866 1139 ut
897 1098 1021 1140 simul
1053 1098 1374 1139 criminationes
1404 1098 1448 1139 in
1471 1098 1584 1139 illam

252 1154 471 1195 coniectas
519 1153 746 1195 retundere
795 1154 938 1195 conati
989 1155 1134 1196 simus.
1213 1152 1416 1195 Vidimus
1476 1154 1586 1195 enim

251 1225 387 1264 «renus
429 1209 600 1250 dicendi
643 1210 841 1251 universe
889 1217 1129 1265 spectatum
1168 1209 1300 1252 totius
1340 1209 1586 1264 scriptionis

251 1274 504 1320 argumento
547 1272 590 1306 et
629 1265 803 1321 intrenio
854 1267 979 1320 plane
1034 1267 1262 1307 convenire
1303 1265 1584 1319 sollerterque

251 1321 541 1377 excogitatum
572 1327 616 1362 et
642 1322 864 1362 inventum
912 1336 1019 1364 esse.
1096 1321 1294 1362 Vidimus
1332 1336 1460 1376 porro
1492 1334 1586 1363 ver-

252 1356 400 1418 borum
460 1383 546 1417 tam
593 1376 856 1432 singulorum
906 1393 1032 1431 quam
1084 1377 1325 1418 iunctorum
1374 1392 1583 1432 gramma·-

250 1433 379 1474 ticam
410 1439 454 1473 et
484 1433 738 1474 rhetoricam
770 1434 975 1473 rationem
997 1448 1088 1474 eam
1120 1448 1229 1485 esse,
1261 1439 1307 1473 ut
1334 1433 1443 1473 nihil
1460 1432 1584 1486 quid-

251 1504 378 1543 quam
419 1488 590 1541 habeat,
622 1487 738 1543 qnod
769 1495 843 1530 aut
874 1489 926 1530 ab
957 1489 1172 1544 eleg-uitia
1201 1495 1244 1530 et
1271 1495 1391 1533 reita
1419 1489 1584 1530 ratione

251 1544 499 1597 abhorreat,
531 1550 608 1585 aut,
647 1545 699 1585 ab
730 1560 810 1585 usu
842 1525 1103 1586 Graecitatis
1134 1546 1194 1585 ita
1224 1543 1409 1595 recedat,
1439 1550 1487 1585 ut
1516 1545 1581 1585 vel

251 1601 345 1655 ipso
378 1600 425 1641 Pl
430 1607 555 1642 itone
585 1600 651 1641 vel
683 1601 774 1641 eius
805 1607 943 1642 aetate
973 1600 1196 1655 indignum
1228 1575 1485 1642 censendum
1516 1601 1583 1642 sit.

251 1655 451 1697 Vidimus
504 1655 689 1709 denique
739 1656 866 1698 etiam
917 1657 1214 1698 universorum
1266 1656 1582 1697 enuntiatorum

249 1727 300 1753 ac
330 1712 602 1767 periodorum
632 1719 914 1765 structuram,
947 1713 1143 1766 quamvis
1175 1711 1358 1754 subinde
1389 1711 1583 1752 licentio-

250 1783 336 1809 rem
376 1767 571 1821 adeoque
609 1767 986 1823 negligentiorem,
1028 1774 1172 1809 tamen
1216 1783 1298 1809 non
1339 1766 1466 1808 modo
1497 1782 1582 1808 non

249 1838 347 1865 esse
390 1838 415 1864 a
458 1822 724 1865 Graecorum
773 1839 889 1865 mole
933 1830 976 1864 et
1025 1823 1335 1866 consuetudine
1384 1823 1581 1875 alienam,

250 1894 396 1921 verum
447 1879 575 1920 etiam
619 1879 891 1921 sermonibus
932 1879 979 1920 in
1034 1879 1199 1935 Legum
1248 1893 1375 1934 opere
1426 1878 1582 1920 habitis

250 1935 410 2000 optime
453 1935 796 1999 convenientem,
828 1935 1023 1990 adeoque
1052 1937 1179 1977 etiam
1209 1934 1409 1976 laudibus
1441 1941 1581 1976 orato-

249 1991 321 2032 iiis
368 2007 454 2032 non
493 1991 553 2032 ita
583 1990 858 2042 destitutam,
898 1998 946 2032 ut
974 1991 1151 2032 erimina
1179 1991 1371 2043 tumoris,
1401 1990 1584 2054 garruli-

248 2047 363 2100 tatis,
398 2047 635 2101 elegantiae
666 2047 774 2088 male
805 2047 1054 2099 affectatae,
1086 2048 1168 2088 ilia
1197 2045 1372 2098 similia,
1415 2046 1457 2087 in
1489 2060 1580 2087 eam

253 2109 372 2144 recte
404 2103 586 2144 conferri
619 2109 792 2156 queant.

360 2158 522 2199 Verum
561 2158 671 2199 enim
711 2173 813 2199 vero
853 2158 969 2212 qnod
1009 2174 1139 2213 supra
1179 2157 1284 2213 Cap.
1323 2157 1426 2198 XV.
1467 2157 1580 2199 Sect.

249 2214 330 2255 IV.
381 2220 423 2254 et
463 2213 568 2268 Cap.
608 2214 736 2254 XVI.
776 2213 890 2256 Sect.
936 2214 1020 2254 III.
1062 2221 1104 2255 et
1142 2214 1221 2254 IV.
1245 2174 1315 2254 de
1356 2212 1582 2254 dialectiea

249 2270 391 2324 operis
439 2230 557 2310 artep
588 2268 727 2323 deque
761 2269 920 2325 dialogi
952 2270 1264 2324 compositione
1296 2269 1477 2323 professi
1510 2284 1579 2309 sn·

249 2340 358 2378 mus,
391 2324 526 2366 videri
559 2340 667 2377 eam,
699 2326 801 2367 licet
831 2326 1003 2367 omnino
1035 2328 1105 2366 sit
1121 2325 1355 2380 probabilis
1386 2324 1579 2387 adeoque
1643 2367 1644 2373 ¹

249 2381 464 2424 sollertiae
504 2381 729 2422 cuiusdam
760 2381 919 2434 virtute
946 2380 1145 2446 insignis,
1179 2387 1318 2422 tamen
1348 2395 1432 2421 non
1466 2380 1579 2420 omni
1638 2417 1639 2420 ,

249 2452 301 2478 ex
349 2442 469 2492 parte
519 2437 777 2501 perfectam,
830 2437 905 2479 sed
954 2438 1100 2492 potius
1148 2436 1293 2477 multis
1337 2435 1579 2476 nominibus

247 2508 440 2534 mancam
479 2499 527 2533 et,
563 2492 851 2557 imperfectam
891 2508 1005 2542 esse3
1046 2492 1157 2534 idem
1188 2493 1275 2534 fere
1307 2491 1374 2532 hic
1406 2506 1578 2545 quoque
1636 2510 1637 2517 ¹

248 2549 369 2590 nobis
421 2548 641 2590 fatendum
695 2555 761 2590 est
813 2550 994 2590 virtutes
1040 2549 1182 2603 operis
1228 2547 1435 2588 oratorias
1496 2562 1578 2588 uno

248 2605 369 2657 quasi
409 2604 563 2646 ment-is
606 2605 756 2645 obtutu
806 2605 1191 2660 contemplantibus
1237 2614 1279 2643 et.
1316 2608 1447 2644 totam
1487 2603 1579 2643 eius
1633 2621 1634 2630 ¹
