1644 2886
270 116 419 160 LXIV
701 113 1176 158 PROLEGOMENA

274 228 470 284 ptoribus
502 226 751 283 repudiata,
791 232 881 266 tum
911 230 987 266 aut
1015 238 1255 281 synonyma
1282 230 1384 266 sunt
1412 223 1603 278 reliquis,

274 294 323 327 ut
360 283 533 325 Platoni
572 281 687 322 haud
731 280 859 322 dubie
898 280 1020 334 optio
1049 295 1197 322 eorum
1228 279 1505 322 concedenda
1532 280 1604 332 sit,

274 346 349 382 aut
378 340 431 381 ab
462 338 572 391 aliis,
604 351 714 391 quae
743 335 945 378 videntur
971 335 1024 378 iis
1053 350 1306 392 synonyma,
1337 337 1380 377 vi
1413 342 1456 377 et
1475 335 1605 391 signi-

274 396 476 437 ficatione
520 407 598 434 sua
634 392 830 433 nonnihil
869 391 1038 433 diversa
1075 397 1199 445 sunt,
1238 398 1287 432 ut
1324 406 1428 433 usus
1460 406 1606 432 eorum

275 451 404 493 fuerit
433 449 716 490 necessarius.
774 448 889 489 Nam
916 453 965 488 ut
993 461 1019 487 a
1046 448 1259 489 vocabulo
1289 448 1456 500 βλάβος
1485 461 1607 488 exor-

277 507 465 557 diamur,
504 502 675 558 βλοὶβην
711 508 891 545 ἐκτίνειν
929 503 1173 544 iustissimis
1205 503 1258 544 de
1289 503 1454 545 caussis
1483 517 1608 543 nemo

277 562 504 616 quisquam
543 559 672 610 dixit3
714 559 992 614 quamobrem
1032 559 1153 600 Libr.
1198 558 1328 600 VIII.
1358 574 1399 625 p.
1430 559 1525 600 843.
1557 557 1608 599 C.

276 616 518 658 necessario
578 614 808 657 dicendum
866 615 970 655 fuit:
1031 614 1080 655 τό
1135 615 1303 667 βλάβος
1351 617 1609 666 αποτινέτω,

278 672 529 714 damnum
568 671 865 723 restituat,
914 684 999 723 qua
1044 669 1143 724 ¹ipsa
1180 669 1364 711 formula
1402 684 1506 711 usus
1546 674 1611 710 est

279 729 407 770 etiam
455 726 856 768 Demosthenes
898 725 993 767 adv.
1033 725 1215 766 Midiam
1255 741 1296 781 p.
1327 725 1422 766 528.
1454 730 1503 765 ut
1531 739 1612 765 nec

278 782 482 826 audiendi
522 782 609 824 sint
647 782 856 823 Moeris
894 796 935 836 p.
981 783 1071 822 103.
1111 788 1154 823 et
1190 781 1426 822 Thomas
1472 781 1610 836 Mag.

278 855 319 895 p.
354 841 463 889 154„
500 837 710 892 βλάβος
753 837 942 879 dicentes
982 851 1075 878 esse
1108 835 1326 890 Ἀττικόν,
1360 841 1404 878 et
1432 834 1612 889 βλαβή

280 895 453 938 κοινόνε
495 892 550 935 ad
590 908 698 948 quos
737 910 776 935 v.
817 894 1098 948 interpretum
1137 898 1327 934 annotat.
1385 891 1481 933 Nec
1511 906 1613 933 vero

279 951 420 1007 Legg.
452 949 535 990 IX.
567 965 608 1005 p.
640 951 734 991 873.
766 948 820 993 Ο.
840 964 917 1004 pro
937 949 1118 1002 αἰσχύνη
1138 946 1306 1002 ἄπορος
1327 951 1397 989 καὶ
1425 946 1612 1000 ἅβιος,

280 1007 321 1048 h.
351 1021 388 1049 e.
418 1006 935 1061 inexsuperabilis,
965 1004 1381 1056 intolerabilis,
1414 1002 1500 1044 dici
1537 1017 1615 1056 po-

279 1062 366 1103 tuit
394 1062 607 1114 άβίωτος,
648 1061 689 1102 h.
732 1076 768 1102 e.
798 1075 902 1102 non
939 1060 1133 1102 vitalis
1164 1066 1217 1102 et
1245 1060 1395 1102 vitae
1426 1060 1615 1100 fructu

282 1118 588 1169 destituta,
620 1116 738 1170 quod
768 1115 1085 1158 subabsurdum
1123 1116 1248 1158 foret.
1311 1116 1445 1156 Porro
1484 1112 1615 1167 ἀχά-

282 1187 503 1226 ριστον,
544 1172 662 1226 quod
698 1172 859 1227 legitur
895 1171 962 1213 bis
1003 1171 1122 1213 Libr.
1161 1171 1242 1213 VI.
1282 1187 1323 1226 p.
1362 1173 1455 1213 761.
1486 1170 1543 1211 D.
1576 1175 1619 1210 et

282 1229 367 1271 XI.
406 1244 449 1284 p.
491 1229 586 1270 935.
625 1229 681 1269 A.
720 1228 849 1269 etiam
887 1227 932 1268 in
969 1227 1214 1269 Menexeno
1255 1233 1322 1268 est
1359 1242 1400 1281 p.
1441 1227 1536 1268 248.
1567 1224 1619 1266 C.

283 1292 414 1339 atque
455 1285 752 1337 frequentatur
788 1285 890 1325 item
929 1297 954 1324 a
982 1283 1278 1338 Xenophonte
1307 1282 1486 1336 aliisque
1516 1281 1620 1323 sori-

283 1341 506 1397 ptoribus,
547 1346 595 1380 ut
633 1354 720 1381 non
762 1344 1042 1394 exputemus,
1076 1354 1153 1380 cur
1180 1339 1319 1379 visum
1350 1339 1407 1379 sit
1437 1337 1620 1379 insolen—

283 1398 387 1449 tius,
418 1395 671 1450 praesertim
705 1410 836 1451 quum
866 1409 919 1435 ne
949 1395 1138 1450 potuerit
1161 1393 1334 1447 quidem
1366 1408 1462 1435 oum
1493 1391 1622 1447 ἄχαρι

284 1451 542 1508 permutari,
585 1449 702 1505 quod
738 1466 825 1492 uno
863 1450 959 1492 loco
993 1450 1180 1492 Phaedri
1210 1465 1252 1504 p.
1284 1451 1378 1491 265.
1414 1449 1468 1489 D.
1500 1463 1620 1503 repe·

285 1508 406 1550 ritur.
476 1507 568 1548 Iam
607 1521 709 1548 vero
750 1505 866 1561 quod
904 1506 1025 1548 Libr.
1066 1507 1144 1550 VI.
1184 1521 1224 1560 p.
1265 1507 1363 1548 770.
1406 1505 1459 1546 E.
1497 1502 1622 1546 δού-

285 1566 436 1606 λειον
475 1563 747 1616 ὑπομείνασα
786 1562 979 1616 ζυγόν,
1019 1568 1063 1604 et
1103 1561 1209 1604 VII.
1254 1576 1294 1616 p.
1340 1562 1433 1602 790.
1464 1560 1519 1601 A.
1549 1575 1622 1614 γυ-

285 1625 454 1661 ναικεῖα
492 1620 565 1660 καὶ
606 1618 843 1659 δούλεια
884 1615 998 1669 ἤθη
1037 1619 1278 1672 γυναικῶν,
1318 1620 1622 1667 memorantur,

288 1690 420 1730 quum
441 1673 612 1716 Politia.
633 1689 677 1728 p.
706 1674 802 1714 309.
832 1673 888 1715 A.
919 1671 969 1714 τὸ
990 1672 1197 1715 δουλικὸν
1219 1677 1360 1726 γένος,
1380 1678 1423 1713 et
1446 1671 1624 1712 Theaet.

287 1747 329 1787 p.
366 1732 456 1773 175.
485 1730 539 1771 Ε.
570 1729 752 1771 δουλικὰ
781 1727 1082 1782 διακονήματα
1110 1727 1395 1780 inveniamus,
1430 1726 1533 1781 quid
1563 1726 1625 1767 rei

287 1787 368 1839 sit,
406 1801 540 1840 quum
578 1785 704 1827 facile
743 1790 890 1840 pateat
927 1799 980 1826 ex
1010 1785 1076 1837 iis,
1110 1799 1218 1838 quae
1249 1783 1626 1824 Buttmannus

289 1841 526 1884 Grammat.
564 1841 778 1896 Amplior.
818 1841 918 1882 Vol.
964 1840 1025 1881 II.
1066 1840 1182 1880 Part.
1223 1838 1284 1880 II.
1332 1855 1373 1894 p.
1425 1839 1506 1880 338
1543 1833 1625 1891 ''sq.

288 1899 327 1953 ξ.
360 1899 455 1938 119.
497 1898 565 1938 70.
606 1895 659 1937 de
711 1896 955 1938 discrimine
995 1895 1304 1937 adiectivorum
1342 1894 1386 1934 in
1429 1909 1546 1942 ειος
1585 1899 1628 1934 et

289 1969 410 2002 ικος
452 1952 778 1993 terminatorum
831 1951 1091 2007 disputavit,
1152 1957 1244 1992 tum
1290 1950 1444 1991 clarius
1497 1949 1626 1990 etiam

287 2009 524 2065 perspicias
546 2023 599 2049 ex
619 2008 833 2049 Homer.
864 2007 1028 2063 Odyss,
1055 2008 1124 2060 24,
1157 2008 1252 2048 251.
1277 2004 1476 2047 δούλειον
1497 2004 1626 2053 εἶδος.

289 2067 398 2107 Aes
415 2064 558 2119 chyl.
589 2062 710 2119 Sept.
742 2065 807 2104 75.
839 2064 1007 2116 ζυγοῖσι
1037 2065 1287 2104 δουλείοισι.
1318 2060 1503 2115 Eurip.
1535 2062 1626 2101 An-

291 2120 427 2162 drom.
478 2121 573 2161 302.
621 2118 752 2171 ζυγὸν
791 2117 1004 2160 δούλειον.
1055 2117 1212 2160 Troad.
1265 2118 1386 2159 1331.
1425 2116 1626 2157 δούλειον

291 2175 460 2230 ἡμέραν
504 2175 629 2228 βίους
667 2175 712 2217 in
752 2174 950 2228 qualibus
988 2174 1097 2216 locis
1135 2178 1252 2215 certe
1291 2169 1496 2214 δουλικόν
1524 2185 1626 2213 nus-

254 2252 256 2254 ·
292 2246 420 2286 quam
449 2229 655 2286 reperias,
685 2235 735 2271 ut
764 2230 943 2281 δουλικὴ
973 2230 1077 2284 τύχη
1107 2228 1221 2283 apud
1252 2227 1399 2269 Malal.
1428 2228 1527 2281 401,
1564 2229 1626 2269 14.

293 2286 505 2330 citerioris
537 2284 707 2327 demum
736 2284 997 2328 Graecitatis
1015 2284 1234 2342 proprium
1265 2283 1478 2328 videatur.
1535 2282 1626 2324 Ne·

293 2358 378 2398 que
422 2343 547 2383 aliter
588 2341 918 2383 existimandum
958 2341 1012 2383 de
1051 2355 1114 2382 eo.
1140 2345 1227 2392 est,
1271 2338 1389 2392 quod
1417 2338 1539 2380 Libr.
1569 2338 1626 2378 V.

292 2415 334 2456 p.
366 2400 461 2439 747.
490 2397 544 2439 Β.
574 2399 773 2439 παίδειον
788 2397 999 2451 μάθημα.
1029 2395 1135 2438 VII.
1157 2410 1199 2450 p.
1231 2396 1326 2437 810.
1351 2394 1407 2435 A.
1436 2395 1626 2435 παίδειαι

293 2459 431 2508 τιμαί,
462 2458 510 2495 et
536 2453 571 2494 I.
601 2468 644 2507 p.
675 2454 770 2494 643.
797 2453 849 2494 Β.
882 2454 1053 2494 παίδεια
1094 2449 1444 2504 οἰκοδομήματα,
1476 2448 1626 2490 dicun-

294 2516 365 2552 tur
392 2509 446 2551 de
474 2509 551 2562 iis,
583 2523 694 2563 quae
727 2509 869 2563 pueris
899 2508 1073 2564 propria
1101 2512 1225 2559 sunt,
1258 2520 1388 2560 quum
1414 2504 1536 2546 Libr.
1567 2503 1626 2545 II.

294 2582 336 2621 p.
368 2567 462 2608 664.
493 2564 544 2606 C.
570 2562 704 2620 χορὸς
734 2563 756 2606 ὁ
790 2563 1007 2617 παιδικός,
1037 2563 1098 2607 Π.
1126 2578 1168 2618 p.
1199 2562 1296 2604 653.
1328 2562 1384 2603 A.
1422 2561 1508 2603 τῶν
1534 2562 1628 2601 παί-

296 2624 384 2662 δων
413 2618 590 2671 παιδικὴ
622 2619 849 2670 αἴσθησις,
877 2619 1012 2670 ἡδονὴ
1042 2622 1114 2661 καὶ
1142 2616 1270 2671 λύπη,
1302 2616 1432 2658 VIII.
1462 2630 1504 2670 p.
1536 2616 1630 2666 833,
