1644 2886
201 219 238 259 Ι)

272 107 350 146 254
770 103 1146 145 PLATONIS

273 220 323 260 τά
369 217 548 273 σώματα
601 216 747 259 πάντα
794 216 880 261 ὑπὸ
927 216 1015 260 τ’ῶν
1068 219 1254 272 σεισμῶν
1291 234 1334 260 τε
1371 221 1442 261 καὶ
1476 218 1601 269 κινή-

271 290 377 326 σεων
421 282 770 337 κατακινούμενα
816 281 965 326 ἄκοπα
1014 281 1217 326 ὀνίναται
1262 283 1468 334 πάντων,
1516 283 1600 327 ὅσα

269 366 314 391 τε
356 346 441 390 ὑπὸ
486 350 655 390 ἑαυτῶν
701 346 728 400 ἢ
776 352 846 391 καὶ
891 354 936 391 ἐν
977 347 1158 402 αἰώραις
1194 346 1218 401 ἢ
1253 352 1324 391 καὶ
1359 346 1471 391 κατὰ
1507 347 1603 391 θά-

270 418 437 455 λατταν
474 411 499 465 ἢ
536 430 606 455 και
643 413 713 471 ἐφ’
756 418 900 457 ἵππων
937 413 1183 490 ὀχουμένων
1218 419 1290 457 καὶ
1325 413 1401 456 ὑπ’
1456 411 1602 456 ἄλλων

269 479 467 528 ὸπωςοῦν
511 477 563 530 δὴ
610 485 861 536 φερομέιων
907 482 994 522 τῶν
1029 480 1243 535 σωμάτων
1279 488 1483 530 κινεῖται,
1529 496 1602 522 και

268 544 338 586 δια
378 546 520 587 ταῦτα
556 544 636 594 τὰς
671 547 758 587 τῶν
804 549 934 588 σίτων
970 544 1144 604 τροφὰς
1177 548 1249 587 καὶ
1284 548 1433 589 ποτῶν
1468 561 1602 587 κατα-

266 613 518 666 κρατοῦντα
553 610 720 664 ὑμέιαν
754 628 825 653 και
862 611 1024 660 κάλλος
1059 614 1130 653 καὶ
1167 609 1250 662 τὴν
1283 609 1421 663 ἀλλην
1452 609 1602 666 ῥωμην

267 675 370 730 ἡμῖν
418 676 584 718 δυνατοὶ
630 681 719 718 ἐστι
763 675 1071 732 παραδιδόναι.
1154 674 1263 735 Cap.
1303 674 1361 719 ΙΙ.
1434 679 1487 718 'st'
1521 669 1602 718 οὖν

268 740 324 783 ὁὲν
359 750 521 799 φαῖμεν
556 742 744 796 ἑχόντων
777 741 890 785 οὕτω
926 743 1092 786 τούτων
1123 740 1173 785 τὸ
1196 740 1304 796 μετά
1329 744 1464 785 τοῦτο
1486 740 1602 796 ἡμᾶς

209 841 224 852 ,
271 811 359 850 δεῖν
394 816 561 857 notam
592 807 814 861 βούλεσθε
849 806 943 863 ἅμα
979 811 1126 863 γέλωτι
1162 807 1422 866 φράζωμεν,
1451 811 1601 850 τιθέν-

273 890 338 923 τες
367 872 541 928 νόμους,
581 871 663 924 τὴν
696 876 775 928 μὲν
810 874 1003 917 κύουσαν
1039 882 1303 927 περιπατεῖν,
1340 871 1390 916 τὸ
1426 871 1601 929 γενόμε-

265 955 345 981 νον
381 941 423 981 δὲ
451 938 658 981 πλάττειν
698 956 739 982 τε
776 939 871 983 οἷον
905 939 1096 993 κήρινον,
1135 943 1211 988 ἕως
1245 937 1393 994 ὑγρόν,
1425 941 1497 981 καὶ
1529 943 1601 992 μέ·

359 1137 397 1167 D.
446 1133 652 1174 κινήσεων
673 1133 1042 1178 κατακινοιίμενα]
1071 1134 1178 1167 Editt.
1205 1144 1295 1168 omn.
1313 1133 1471 1175 κινήσεων
1485 1132 1598 1165 ’avons—

415 1180 484 1211 Sed
510 1179 668 1220 κινήσεων
694 1180 749 1210 καὶ
773 1179 952 1222 κινούμενα
980 1182 1016 1212 Α.
1042 1182 1087 1213 Ω.
1114 1190 1145 1214 x
1171 1191 1199 1211 a.
1251 1180 1354 1213 Quod
1381 1179 1470 1211 unde
1485 1183 1597 1211 ortum

359 1225 461 1257 docet
486 1234 592 1266 marg
620 1225 721 1258 Voss.
748 1224 1034 1267 κατακινούμετα.
1086 1225 1119 1256 id
1146 1225 1247 1266 igitur
1273 1225 1496 1256 restituimus.

359 1272 397 1302 ἐν
423 1269 559 1311 αἰωρα
572 1270 628 1312 ις]
660 1270 696 1301 V.
723 1268 860 1311 ἐώραις,
887 1271 1003 1302 insitis
1029 1270 1184 1301 omnibus
1210 1270 1309 1301 codd

357 1315 423 1347 καὶ
454 1313 520 1346 vn'
554 1313 690 1345 ἄλλων
722 1313 807 1356 o‘n.]
844 1315 881 1346 V.
915 1328 931 1355 η
960 1315 1016 1346 καὶ
1042 1313 1098 1348 1‘71.
1147 1313 1303 1347 Recte*
1283 1328 1300 1354 ι]
1328 1323 1398 1346 om.
1424 1294 1462 1347 A
1487 1324 1523 1346 -2'-
1559 1310 1596 1347 Ω.

267 1371 298 1392 v.
327 1361 350 1393 f.
375 1361 410 1393 h.
436 1370 461 1392 r.
487 1370 518 1390 a.
542 1368 571 1390 c.

358 1405 396 1437 Ε.
445 1405 596 1446 γέλωτι
630 1403 877 1447 φράζωμεν]
910 1403 1086 1448 ᾳροὶζωμεν
1111 1403 1158 1434 Ω.
1189 1413 1218 1436 a.
1248 1412 1349 1444 supra
1380 1411 1470 1434 vers.
1505 1400 1595 1434 idem

269 1450 361 1483 Flor.
387 1451 416 1481 δ.
444 1450 544 1481 habet
568 1459 586 1480 a
613 1458 660 1489 pr.
687 1459 730 1480 m.

357 1496 426 1536 βίᾳ
458 1493 824 1536 ἐπερειδομένων]
865 1491 1130 1535 ἀπερειδομένων
1160 1493 1208 1524 Ω.
1245 1502 1274 1523 V.
1309 1501 1340 1524 a.
1374 1490 1405 1522 δ.
1437 1493 1472 1523 et
1502 1500 1523 1522 a
1553 1499 1599 1522 m.

265 1192 362 1222 pinet.

268 1227 332 1266 sit,

316 1648 356 1678 D.
398 1644 465 1678 ὅτι
490 1643 539 1677 τὰ
568 1643 740 1688 σώματα
766 1643 900 1677 πάντα

270 1693 334 1734 --]
363 1692 413 1723 De
437 1691 644 1733 gestationis
676 1695 710 1722 et
733 1692 899 1723 vectatio-

269 1739 323 1769 nis
354 1738 506 1771 utilitate
540 1745 569 1766 v.
602 1736 701 1768 etiam
745 1735 834 1768 Tim.
868 1746 900 1777 p.

269 1782 325 1816 88.
363 1782 408 1814 D.
448 1782 503 1815 89.
547 1779 585 1814 Β.
626 1782 809 1813 Aristot.
851 1781 901 1814 De

270 1828 358 1869 Rep.
397 1827 469 1858 Vll.
503 1826 557 1859 17.
592 1826 634 1857 in.
676 1826 898 1858 Plutarch.

271 1873 322 1905 De
363 1872 497 1904 sanitat.
535 1870 659 1902 tuenda
700 1882 728 1903 c.
769 1870 819 1905 15.
857 1889 900 1894 —

270 1913 623 1957 κατακινοῦμενα
672 1913 830 1956 ἄκοπα,
880 1915 900 1947 i.

270 1973 302 2003 q.
336 1960 379 2000 ὡς
401 1960 530 2001 ἄκοπα,
556 1969 583 1991 s.
613 1958 694 1997 n‘icrg
717 1959 830 1992 ἄκοπα
855 1959 901 1991 εἷ-

270 2018 336 2038 ναι.
384 2006 497 2039 Prave
526 2006 629 2047 Vulgo
661 2009 740 2046 post
765 2016 902 2037 κατοικι-

269 2049 419 2094 νοόμενα
471 2054 644 2083 commate
690 2049 903 2082 incidebatur

271 2097 401 2136 oratio,
441 2095 532 2138 quod
565 2096 680 2127 vitium
715 2094 903 2137 prudenter

270 2142 412 2173 sustuiit
446 2140 623 2172 Astius.
671 2140 741 2172 Pro
768 2138 902 2171 πάντων

270 2186 495 2218 Stobaeu's
542 2184 653 2218 Serm.
698 2184 826 2217 XLIX.
867 2195 899 2226 p.

267 2231 347 2266 549.
373 2229 476 2262 habet
501 2228 653 2268 πάντως,
680 2230 794 2261 invitis
822 2230 899 2262 Pla-

268 2276 360 2308 tonis
385 2275 572 2307 codicibus.
621 2274 691 2306 Nec
724 2285 812 2316 opus
847 2278 902 2306 est

269 2321 476 2360 mutatione,
501 2329 602 2360 quum
628 2317 760 2351 πάντων
781 2321 901 2352 rectis-

270 2366 357 2397 sime
391 2368 471 2406 post
495 2367 639 2406 σεισμῶν
662 2363 718 2395 και
742 2363 901 2404 κινήσεων

269 2410 384 2443 inferri
410 2411 508 2452 piane
525 2410 680 2441 evincant
694 2419 781 2450 quae
805 2409 899 2441 dein-

270 2466 351 2497 ceps
366 2454 553 2487 adduntur·
579 2452 645 2485 δ’σα
670 2465 706 2485 τε
729 2451 795 2485 ὑπὸ
822 2453 900 2485 §av-

271 2502 336 2532 τῶν
366 2512 395 2532 κ.
428 2512 460 2531 τ.
486 2499 513 2530 λ.
570 2499 625 2531 De
657 2497 747 2530 hiatu
780 2499 900 2530 werbo-

271 2554 344 2577 rum
371 2543 437 2576 υπὸ
464 2543 591 2575 ἑαυτῶν
611 2553 642 2574 v.
660 2552 734 2575 ann.
752 2543 794 2575 ad
815 2543 899 2575 Pro-

273 2594 383 2632 tagor.
422 2599 454 2630 p.
498 2588 577 2622 352.
615 2587 655 2620 D.
720 2588 899 2620 Vocaiium

272 2635 529 2667 concursionem
546 2643 564 2664 a
579 2633 724 2665 Platone
739 2642 804 2665 non
824 2642 902 2667 esse

970 1645 1108 1677 vitatam
1138 1644 1295 1676 Cicero
1320 1643 1441 1676 scribit
1460 1645 1596 1676 Orator.

969 1699 998 1722 c.
1018 1689 1074 1723 44.
1094 1690 1124 1729 ἓ.
1141 1690 1218 1724 151.
1248 1689 1318 1720 Pro
1335 1687 1473 1731 αἰώραις
1495 1689 1599 1729 vuigo

968 1735 1145 1767 codicibus
1158 1734 1272 1766 invitis
1300 1734 1516 1766 scribebatur
1539 1731 1599 1764 ἐώ-

968 1790 1061 1822 ραις,
1094 1779 1187 1820 quod
1212 1789 1255 1811 ne
1278 1780 1354 1819 quis
1380 1788 1484 1820 porro
1510 1777 1598 1809 tueri

969 1830 1126 1865 conetur,
1145 1823 1372 1865 prohibebunt
1397 1827 1489 1855 certe
1510 1832 1599 1863 quae

969 1869 1187 1911 disputarunt
1201 1869 1416 1901 Kusterus
1441 1868 1482 1900 ad
1500 1866 1597 1899 Suid.

970 1915 994 1947 1.
1021 1925 1053 1956 p.
1071 1915 1145 1949 781.
1165 1914 1424 1953 Wesseiing.
1449 1913 1491 1945 ad
1518 1912 1598 1944 Dio-

971 1958 1300 2000 dor.'r.11.p.289.
1319 1957 1534 1999 Wyttenb.
1555 1956 1598 1988 ad

969 2004 1061 2037 Plut.
1090 2005 1213 2037 Moral.
1244 2015 1275 2045 p.
1291 2003 1368 2037 130.
1395 2002 1434 2033 C.
1483 2003 1599 2034 Voca-

968 2054 1025 2081 tur
1050 2054 1163 2082 nutem
1190 2048 1297 2091 αἰώρα
1312 2048 1354 2080 ab
1371 2046 1504 2079 Latinis
1531 2057 1598 2088 ge-

969 2095 1122 2134 statio,
1179 2104 1266 2135 quae
1307 2092 1432 2134 ‘quaiis
1478 2092 1597 2130 fuerit,

969 2139 1193 2172 ostenderunt
1218 2139 1324 2180 intpp.
1349 2137 1390 2169 ad
1417 2136 1596 2170 Sneton.

968 2185 1084 2216 Viteii.
1122 2185 1176 2218 16.
1217 2184 1359 2224 Vespas.
1384 2181 1439 2214 21.
1476 2181 1596 2213 Claud.

969 2229 1024 2263 33.
1059 2229 1316 2261 Mercuriai.
1356 2227 1434 2258 Art.
1473 2227 1596 2267 Gymn.
1643 2251 1644 2261 2

973 2274 1025 2306 V!-
1059 2274 1100 2314 9,
1132 2275 1194 2313 10,
1229 2273 1283 2306 11.
1313 2271 1438 2303 Fotis.
1465 2271 1596 2302 Oecon-

967 2319 1071 2361 Hipp.
1097 2321 1129 2351 in
1155 2328 1228 2352 voc.
1252 2315 1384 2356 Λίώρα.
1409 2315 1596 2356 Wytten-
1643 2344 1644 2360 Ξ

968 2365 1083 2396 bach.
1110 2365 1130 2396 Ι.
1157 2373 1186 2394 c.
1244 2362 1408 2395 Nimirum
1448 2361 1598 2392 cernitur
1642 2368 1644 2402 g

967 2419 1006 2441 ea
1029 2409 1166 2441 omnino
1189 2407 1222 2438 in
1247 2413 1343 2438 motu
1368 2404 1514 2437 cuiusvis
1537 2414 1597 2446 ge·
1642 2403 1643 2409 ¹

968 2453 1078 2494 neris,
1118 2462 1185 2494 quo
1226 2461 1350 2493 corpus
1381 2452 1413 2482 in
1451 2449 1598 2481 sublime
1641 2463 1643 2467 r

968 2498 1139 2530 subtatum
1164 2502 1320 2529 movetur
1345 2499 1380 2527 et
1407 2495 1472 2527 hnc
1496 2497 1597 2534 atque

968 2543 1048 2574 illuc
1063 2543 1223 2584 agitatur,
1243 2544 1386 2582 excepta
1411 2543 1538 2578 tamen,
1561 2542 1599 2569 ut

969 2586 1123 2627 videtur,
1148 2587 1367 2628 equitatione.
1413 2583 1598 2616 Nostrates

969 2641 1039 2665 rem
1074 2636 1199 2665 vocant
1233 2631 1305 2663 das
1338 2628 1593 2662 Schaukein
1643 2670 1644 2673 Ἴ
