1592 2872
488 108 569 150 DE
604 105 879 151 LEGIBUS
910 113 990 149 ete.
1335 105 1400 147 XI

54 239 131 266 cur
168 239 253 266 non
292 223 457 278 omnia,
503 236 614 278 quae
645 220 967 275 edisseruntur,
1007 219 1062 262 ad
1101 220 1259 262 iustam
1303 234 1403 276 pro-

55 280 186 323 bandi
224 287 357 336 atque
382 278 729 329 demonstrandi
776 278 989 320 rationem
1035 276 1249 334 perducta
1299 276 1401 318 sint.

53 338 209 392 Neque
240 338 353 380 enim
394 336 631 392 disputatio
668 350 783 378 mere
822 334 1052 377 dialectica
1076 340 1181 389 est,
1227 333 1306 376 sed
1346 332 1402 375 ad

50 395 272 438 familiaris
303 394 510 437 sermonis
532 391 857 437 similitudinem
882 397 1146 448 comparata.
1203 392 1404 448 Apparet

51 452 241 507 denique
281 452 411 494 etiam
454 451 528 507 qui
557 451 653 504 fiat,
687 456 757 503 ut,
797 449 938 491 sicubi
968 449 1290 505 exspectaveris
1329 462 1402 491 ac-

51 510 311 552 curatiorem
374 524 518 551 rerum
561 507 916 564 explicationem,
976 513 1150 562 praeter
1186 520 1308 562 spem
1359 511 1403 548 et

51 567 301 623 opinionem
361 565 598 622 disputatio
658 563 830 606 brevior
891 568 935 604 et
993 563 1262 606 contractior
1309 562 1401 605 fiat.

50 623 288 666 Enimvero
341 622 540 666 consulto
599 621 818 663 evitantur
865 620 1142 675 quaestiones
1200 621 1401 677 spinosae

51 687 95 723 et
133 687 336 737 argutae,
375 679 524 735 quales
562 684 802 735 potuerunt
837 691 942 719 sane
973 676 1027 719 de
1055 677 1203 733 legum
1233 677 1401 720 caussis

51 744 94 780 et
128 738 344 791 fontibus,
384 736 438 778 de
477 735 584 778 iuris
625 736 668 777 vi
708 741 752 778 et
790 741 968 789 natura,
1010 734 1064 776 de
1094 735 1305 777 virtutum
1336 734 1402 776 di-

48 794 213 851 gnitate
255 800 299 836 et
339 808 437 836 cum
475 793 700 849 republica
737 791 1088 846 necessitudine,
1129 791 1226 835 aliis
1268 792 1400 834 rebus

49 850 258 894 similibus
309 851 418 893 bene
457 851 630 905 multis,
673 849 855 892 institui.
926 849 1052 891 Talia
1100 850 1215 891 enim
1260 849 1400 906 magis

9 959 12 962 ,
46 907 346 965 significantur
381 923 459 965 per
496 907 707 951 sermonis
745 906 969 950 familiaris
1011 907 1399 963 opportunitatem,

49 981 176 1021 quam
234 965 381 1007 dedita
439 980 573 1022 opera
620 964 934 1020 exquiruntur,
994 979 1137 1019 neque
1196 964 1400 1020 scriptori

46 1023 129 1065 fuit
158 1023 454 1079 propositum,
493 1029 543 1064 ut
569 1037 620 1064 ea
648 1037 766 1064 more
796 1021 1123 1064 dialecticorum
1153 1021 1399 1065 accuratius

48 1086 391 1137 persequeretur.
473 1079 748 1134 Quamquam
791 1094 880 1121 non
930 1085 998 1121 est
1046 1078 1397 1132 existimandum,

49 1153 100 1180 ea
135 1143 296 1179 temere
334 1137 506 1179 silentio
555 1151 652 1179 esse
703 1136 981 1187 transmissa3
1025 1142 1127 1185 sunt
1171 1137 1310 1191 enim,
1350 1142 1400 1178 ut

48 1200 202 1251 postea
230 1193 508 1248 docebimus,
547 1194 632 1236 alio
671 1193 800 1236 modo
841 1199 885 1235 et
913 1192 970 1235 ad
1001 1208 1092 1235 rem
1122 1199 1398 1249 praesentem

48 1251 269 1307 aptissime
307 1250 536 1293 illustrata.
607 1249 696 1294 Sed
726 1250 811 1292 alia
848 1250 979 1292 etiam
1009 1265 1163 1293 caussa
1193 1257 1282 1305 est,
1322 1265 1400 1293 cur

47 1308 172 1350 Plato
202 1308 248 1349 in
277 1308 474 1364 Legibus
504 1308 589 1350 hoc
617 1308 828 1350 sermonis
858 1307 1081 1350 familiaris
1102 1323 1261 1364 genere
1292 1322 1399 1351 usus

49 1364 258 1407 videatur.
317 1365 401 1407 Est
439 1365 553 1407 enim
588 1365 774 1407 maxima
813 1379 916 1420 pars
957 1379 1104 1407 earum
1143 1381 1301 1419 rerum,
1343 1362 1398 1407 de

49 1422 206 1476 quibus
245 1422 418 1479 agitur,
462 1438 549 1465 non
587 1427 676 1464 tam
715 1421 761 1463 in
798 1422 991 1475 ratione,
1034 1437 1163 1478 quam
1205 1423 1251 1464 in
1284 1422 1398 1464 vitae

47 1494 130 1521 usu
161 1484 205 1521 et
233 1479 499 1536 experientia
527 1479 686 1536 posita.
746 1478 1039 1533 Quamobrem
1077 1494 1131 1521 ne
1160 1487 1399 1536 potuerunt

49 1535 223 1591 quidem
253 1537 398 1588 omnia
429 1543 561 1591 atque
592 1536 766 1593 singula
794 1537 996 1579 subtilius
1025 1536 1285 1594 disceptari,
1319 1536 1398 1579 sed

48 1608 225 1650 prorsus
255 1608 434 1636 necesse
464 1594 574 1648 fuit,
606 1600 654 1635 ut
684 1593 868 1650 plurima
898 1594 1154 1650 simpliciter
1183 1609 1397 1650 poneren—

48 1661 144 1704 tur,
185 1649 560 1705 describerentur,
602 1658 930 1705 enarrarentur,
972 1651 1114 1694 missis
1155 1651 1398 1695 dialecticis

47 1708 387 1763 quaestionibus.
447 1707 576 1751 Certe
607 1707 782 1763 quidem
812 1724 900 1750 non
930 1715 1169 1765 potuerunt
1189 1709 1398 1766 plurimae

47 1764 145 1807 illae
187 1764 330 1822 leges,
363 1781 474 1821 quae
504 1766 782 1819 sanciuntur,
824 1772 957 1821 atque
999 1766 1224 1808 civitatum
1255 1781 1397 1809 mores

47 1827 90 1863 et
118 1822 332 1878 instituta,
365 1822 418 1865 de
451 1823 607 1878 quibus
638 1824 883 1879 exponitur,
917 1822 1169 1866 disserendo
1191 1824 1397 1880 explicari

49 1885 126 1919 aut
154 1878 208 1920 ad
244 1894 420 1922 caussas
460 1886 503 1921 et
541 1880 754 1936 principia
791 1895 871 1923 sua
900 1881 1118 1934 revocari,
1151 1880 1228 1922 sed
1258 1881 1397 1924 satius

51 1933 202 1976 debuit
240 1935 400 1989 videri,
440 1937 524 1978 ista
563 1937 707 1978 omnia
746 1937 999 1994 simpliciter
1038 1938 1081 1979 in
1114 1938 1303 1979 medium
1334 1938 1396 1979 af-

50 1992 159 2032 ferre
190 2006 241 2033 ac
270 1991 516 2048 legentibus
556 2006 812 2048 proponere.
872 1995 1021 2048 Atque
1050 1994 1134 2035 hoc
1164 2010 1301 2050 genus
1331 1994 1397 2036 di-

50 2047 255 2104 sputandi
295 2059 348 2090 'ne
394 2049 492 2104 quis
531 2049 748 2092 existimet
786 2065 812 2091 a
851 2050 1049 2093 Platonis
1093 2065 1173 2092 usu
1216 2066 1395 2107 prorsus

50 2104 304 2159 abhorrere,
358 2106 496 2148 simile
541 2105 746 2161 quiddam
789 2107 917 2149 etiam
955 2108 999 2149 in
1029 2108 1124 2150 aliis
1155 2108 1276 2151 libris
1303 2109 1396 2150 ani—

50 2161 260 2204 madverti
290 2162 414 2217 licet,
455 2164 499 2205 in
540 2163 696 2219 quibus
726 2179 813 2206 non
845 2163 898 2206 de
926 2165 1055 2207 rebus
1085 2165 1129 2207 in
1159 2181 1247 2207 una
1277 2181 1395 2208 men-

48 2218 105 2262 tis
133 2218 420 2276 intelligentia
448 2226 491 2263 et
519 2221 687 2263 ratione
715 2221 872 2277 positis
903 2221 1169 2278 explicatur,
1200 2222 1279 2264 sod
1309 2229 1396 2265 tra-

47 2281 218 2319 ctantur
248 2291 313 2330 ea,
346 2292 456 2332 quae
487 2277 543 2319 ad
570 2293 710 2320 rerum
732 2284 1006 2320 externarum
1035 2279 1395 2335 observationem,

50 2349 174 2376 usum
207 2339 250 2375 et
279 2335 590 2391 experientiam·
615 2335 873 2390 referuntur,
905 2343 1036 2391 atque
1067 2336 1220 2378 eodem
1250 2339 1395 2381 nitun-

49 2398 133 2432 tur.
193 2391 307 2432 Nam
345 2397 394 2433 ut
437 2391 490 2434 de
530 2392 728 2448 partibus
767 2392 1028 2448 quibusdam
1059 2394 1244 2448 Philebi,
1280 2395 1394 2437 Poli-

51 2446 147 2501 tici,
179 2447 459 2504 Reipublicae
477 2482 489 2504 ,
519 2448 733 2503 Phaedri,
764 2449 943 2492 alibrum
974 2450 1206 2506 librorum,
1249 2459 1394 2494 tacea—

57 2519 164 2556 mus,
218 2505 409 2560 pertinet
457 2505 543 2549 huc
597 2514 714 2554 totus
754 2507 842 2549 fere
874 2508 1106 2562 Timaeus,
1147 2509 1192 2550 in
1224 2524 1310 2563 quo
1341 2509 1395 2552 de

53 2575 191 2601 rerum
231 2571 383 2604 natura
430 2564 672 2620 explicatur
721 2564 936 2613 similiter3
989 2564 1032 2606 id
1080 2565 1195 2620 quod
1246 2567 1395 2622 paucis

50 2616 314 2662 ostendimus
358 2620 556 2677 Prolegcr.
601 2621 655 2663 ad
689 2622 798 2662 Tim.
842 2637 882 2677 p.
914 2623 980 2662 37.
1042 2623 1156 2664 Nam
1188 2623 1246 2664 ibi
1278 2624 1395 2679 quod

50 2674 300 2729 scripsimus
347 2657 569 2719 Timami’m
618 2678 740 2731 quasi
793 2678 1117 2733 hierophantam
1169 2680 1395 2735 quemdam
