1644 2886
223 85 306 128 DE
333 81 608 127 memus
639 82 758 125 [ΑΒ.
791 52 895 124 {⁷11.
927 82 976 123 P.
1010 81 1103 122 796.
1135 78 1200 123 st.

1318 79 1399 120 283

54 203 164 263 μεθ’
212 203 362 248 ὅπλων
397 218 442 246 τε
477 203 548 245 καὶ
597 207 743 246 ἵππων
779 200 850 244 ἀεὶ
891 200 1167 256 κοσμεῖσθαι.
1206 199 1304 241 δεον
1341 195 1400 238 ἂν

55 273 145 327 εἴη,
193 270 399 320 θάττους
434 286 478 314 τε
513 271 587 312 καὶ
628 271 901 325 βραδυτέρας
933 272 980 310 ἐν
1013 264 1217 322 ὀρχήσεσι
1253 267 1324 307 καὶ
1355 270 1400 306 εν

58 342 218 396 πορείᾳ
252 337 333 388 τὰς
375 341 558 388 ἱκετείας
601 340 892 392 ποιουμένους
926 331 1037 391 πρὸς
1071 331 1212 383 θεούς
1248 349 1293 375 τε
1328 334 1400 375 καὶ

57 410 184 452 θεῶν
217 409 391 455 παῖδας.
434 407 505 448 καὶ
539 403 718 459 ἀγῶνας
749 402 801 456 δὴ
838 405 912 447 καὶ
948 402 1233 458 προαγῶνας,
1271 399 1310 443 εἴ
1340 416 1402 442 τι·
1432 407 1476 449 D

59 492 160 525 νων,
196 473 277 518 οὐκ
304 469 495 524 ἅλλωνῆ
522 470 691 515 τούτων
725 475 847 516 ἕνεκα
873 473 1241 527 προαγωνιστέον·
1279 460 1413 512 οὗτοι.

58 542 143 599 γὰρ
179 543 251 585 καὶ
287 546 332 584 ἐν
366 539 512 599 εἰρήνῃ
541 543 614 582 καὶ
648 538 761 583 κατὰ
799 538 993 592 πόλεμον
1026 534 1236 593 χρήσιμοι
1269 535 1329 586 εἷς
1359 551 1404 578 τε

60 611 289 654 πολιτείαν
322 610 394 650 καὶ
431 610 567 657 ἰδίους
602 607 761 657 οἴκους,
796 610 838 650 οἱ
861 608 906 650 δὲ
940 602 1068 648 ἄλλοι
1095 603 1226 647 πόνοι
1262 619 1307 646 τε
1329 605 1404 646 καὶ

60 679 234 720 παιδιαὶ
278 678 351 718 καὶ
396 677 583 718 σπουδαὶ
627 674 740 718 κατὰ
788 671 971 730 σώματα
1015 670 1096 715 οὐκ
1144 673 1404 726 ἐλευθέρων,

61 737 93 787 ὦ
132 745 320 798 Μέγιλλέ
354 759 399 784 τε
434 745 505 784 καὶ
546 743 738 784 Κλεινία.

151 809 242 854 “Hv
289 808 412 852 εἶπον
459 808 754 864 γνμναστικὴν
799 812 843 850 ὲν
886 814 979 856 τοῖς
1024 804 1217 861 πρώτοις
1258 803 1407 858 λόγοις

61 876 131 922 ὅτι
164 880 252 920 δέοι
284 877 531 929 διεξελθεῖν,
571 875 727 933 σχεδὸν
761 875 813 927 δὴ
851 872 1098 926 διελήλυθα
1126 870 1181 914 τά
1220 874 1302 915 νῦν
1333 875 1406 916 καὶ

60 943 163 988 ἔσθ’
205 941 320 996 αὕτη
356 942 594 996 παντελής·
640 949 676 988 εὶ
709 946 888 1004 δέιτινα
940 939 1105 993 ταύτης
1136 939 1258 996 ὑμεῖς
1294 945 1406 997 ἔχετε

60 1014 228 1068 βελτίω,
262 1014 418 1062 θέντες
450 1016 510 1062 εὶς
545 1011 696 1056 κοινὸν
729 1014 883 1066 λέγετε.

66 1145 194 1177 Euseb.
220 1143 346 1184 Praep.
372 1144 436 1175 Ev.
464 1144 566 1176 XIII.
593 1144 648 1178 19.
674 1155 706 1185 p.
735 1143 812 1178 706.
839 1142 879 1175 B.
919 1143 1036 1184 Vulgo
1063 1141 1200 1174 πάντας.

65 1260 151 1292 haec
174 1259 240 1290 dea
264 1258 367 1290 simul
390 1263 423 1289 et
447 1256 644 1298 φιλόσοφος
665 1263 699 1289 et

67 1303 316 1347 φιλοπόλεμοες
341 1315 373 1335 v.
400 1304 480 1336 Tim
517 1315 537 1346 p
578 1304 633 1339 24
654 1305 698 1338 D

67 1352 197 1393 Cratyl.
223 1362 257 1392 p.
282 1350 362 1384 406.
387 1350 430 1382 Ε.
465 1351 580 1382 Affert
614 1352 700 1382 haec

65 1398 186 1431 verba:
210 1393 230 1438 ἦ
248 1391 281 1427 δ’
299 1389 345 1428 αὖ
365 1393 442 1438 παρ’
460 1393 536 1438 ἦμῖν
555 1416 593 1420 —-
612 1393 703 1428 α’θύ-

65 1454 147 1485 ρειν,
172 1442 426 1475 Grammaticus
449 1444 485 1475 in
516 1443 705 1475 Bekkeri

65 1490 238 1523 Anecdot.
266 1489 348 1520 Vol.
374 1489 403 1521 Ι.
427 1499 461 1530 p.
480 1489 558 1524 350.
585 1489 618 1524 6.
644 1490 703 1521 ubi

67 1532 214 1578 ἀθύρειν
236 1537 486 1577 interpretatur
501 1536 607 1568 verbo
626 1537 702 1567 παί-

64 1583 132 1624 ζειν
155 1586 190 1614 et
222 1578 363 1623 ἄθυρμα
385 1582 477 1614 idem
500 1583 603 1614 docet
625 1593 701 1614 esse

66 1629 160 1670 quod
197 1630 365 1669 παίγνιον.
415 1627 552 1660 Omittit
584 1635 700 1661 autem

63 1675 101 1706 in
145 1675 335 1706 recitandis
379 1674 539 1707 Platonis
584 1676 701 1707 verbis

64 1720 225 1753 voculam
261 1730 346 1757 που,
383 1726 417 1752 et
451 1731 516 1762 pro
553 1716 702 1762 ἀθύρειν

66 1767 187 1800 scribit
219 1762 362 1808 ἅθῦραι.
415 1768 613 1808 Exscripsit
648 1769 700 1800 lo-

66 1812 144 1846 ‘cnm
203 1813 307 1844 etiam
361 1813 517 1844 Euseb.
576 1814 700 1855 Praep.

59 1859 132 1897 Ev.
157 1858 260 1891 XIII.
291 1858 341 1892 19.
367 1868 399 1899 p.
428 1859 505 1893 706.
532 1859 564 1891 b.
590 1870 619 1892 c.
645 1871 701 1892 us-

67 1915 133 1946 que
157 1905 202 1936 ad
227 1901 294 1942 ἅμα
315 1915 348 1935 τε
365 1905 418 1934 καὶ
444 1903 560 1945 κόρας,
584 1906 620 1937 Is
637 1917 702 1947 pro

67 1948 185 1993 παιδιᾷ
208 1951 350 1982 exhibet
377 1949 511 1991 παιδείᾳ
535 1956 569 1982 et
593 1956 705 1983 κεναῖς

66 1997 179 2038 χερσὶν
202 1998 295 2028 inter
320 1995 389 2028 δεῖν
414 2002 447 2028 et
472 1993 620 2038 ἆθιῖρειν
643 2009 704 2040 po·

66 2044 135 2081 nit;
168 2043 248 2074 dein
273 2053 338 2084 pro
371 2042 598 2084 διαπεραίνειν
621 2045 706 2085 legit

67 2087 282 2131 διαπεραίνει,
307 2099 347 2121 ac
370 2100 435 2130 pro
457 2091 550 2131 vulg.
579 2089 707 2122 πάντας

42 2167 48 2174 ,
67 2135 241 2174 μιμεῖσθαι
253 2137 382 2167 rectius
395 2137 517 2168 scribit
529 2134 663 2169 πάντως
674 2148 705 2176 μ.

114 2181 154 2213 C.
202 2180 463 2223 προεόδουε·
485 2201 527 2206 -
554 2194 703 2215 ποιου-

68 2226 247 2270 μένους]
274 2230 447 2260 Attendas
472 2231 705 2261 accusativum

68 2274 315 2314 ποιουμένους,
367 2286 471 2317 quum
520 2277 706 2317 praecedat

70 2323 141 2352 wls·
164 2322 279 2352 παισίν
297 2322 449 2354 dativus.
480 2321 623 2354 Scilicet
643 2323 704 2354 du-

70 2366 206 2406 pliciter
229 2369 348 2410 utique
378 2369 494 2409 potuit
525 2369 612 2409 dici,
643 2375 706 2401 ant

73 2408 151 2442 δέον
174 2409 216 2444 ἂν
243 2415 293 2455 εἴη
319 2411 401 2445 τοὺς
426 2413 548 2446 παῖδας
573 2420 705 2454 κοσμεῖ-

75 2455 170 2495 σθαι,
191 2463 252 2490 ant
276 2458 385 2492 δέον
371 2458 414 2492 ιὶν
433 2462 485 2502 ειη
507 2465 577 2493 τοῖς
591 2463 706 2493 παισὶν

74 2504 285 2542 κοσμεῖσθαι.
348 2506 544 2549 Utrumque
597 2510 706 2550 igitur

74 2550 218 2581 mixtum
241 2555 276 2582 et
302 2553 339 2584 in
366 2564 471 2586 unum
505 2554 704 2589 conflatum.

73 2592 176 2633 Quod
197 2606 272 2628 non
294 2603 430 2638 praeter
457 2611 557 2633 usum
583 2603 633 2634 ita
654 2602 703 2633 fa-

75 2645 165 2674 etum
200 2653 275 2675 esse
299 2644 473 2679 docebunt
507 2658 597 2689 quae
620 2649 703 2680 scri-

73 2688 203 2727 psimus
242 2699 346 2730 supra
378 2689 434 2724 ΙΙΙ.
471 2692 548 2727 683.
585 2694 624 2728 C.
662 2696 704 2727 ad

767 1256 886 1298 Remp.
919 1257 984 1290 IX.
1021 1267 1052 1298 p.
1076 1256 1156 1290 586.
1183 1255 1224 1287 E.
1261 1255 1405 1287 Lachet.

766 1315 798 1345 P.
827 1303 904 1337 180¹.
944 1304 986 1335 D.
1012 1302 1210 1344 Euthyphr.
1238 1312 1271 1343 p.
1298 1302 1331 1336 5.
1359 1305 1404 1334 A.

765 1349 856 1382 infra
880 1360 912 1390 p.
931 1349 1011 1384 806.
1028 1349 1070 1381 Ε.
1092 1348 1185 1383 conf.
1211 1349 1299 1381 Dor
1310 1349 1404 1381 vill.

769 1397 814 1428 ad
851 1395 988 1428 charit.
1027 1406 1048 1437 p
1098 1395 1177 1430 586.
1218 1396 1271 1429 ed.
1306 1395 1405 1436 LipS.

768 1443 950 1475 Ernesti
975 1442 1020 1474 ad
1043 1441 1206 1483 Xenoph.
1233 1441 1337 1475 Mem.
1357 1441 1406 1473 11.

769 1489 801 1529 6,
822 1489 866 1523 26
897 1490 1007 1531 intpp.
1024 1489 1068 1520 ad
1092 1488 1256 1530 Xenoph.
1274 1487 1404 1529 Cyrop.

767 1535 814 1567 II.
843 1535 876 1574 1,
904 1535 958 1569 15.
990 1535 1174 1566 Brunck.
1215 1535 1258 1566 ad
1295 1534 1405 1576 Soph.

768 1582 899 1614 Electr.
934 1593 966 1614 v.
996 1581 1074 1616 480.
1123 1581 1326 1623 Elmsley.
1361 1582 1408 1612 ad

767 1628 890 1670 Eurip.
916 1628 1091 1660 Heracliti.
1110 1639 1141 1662 v.
1162 1627 1241 1662 698.
1272 1624 1405 1669 Πρός-

764 1674 866 1706 οδοι
905 1679 986 1706 sunt
1027 1674 1259 1716 adituswad
1301 1679 1404 1706 tem-

767 1722 839 1762 pla
883 1727 926 1752 et
966 1731 1067 1753 aras
1107 1722 1301 1760 deorum
1342 1731 1404 1752 so-

768 1768 938 1799 lemnes
986 1777 1167 1808 pompae
1202 1768 1258 1799 ad
1306 1767 1406 1799 deo-

768 1824 856 1845 rum
896 1814 1101 1851 delubra;
1147 1814 1277 1846 etiam
1315 1823 1406 1854 pre-

770 1870 838 1891 ces
870 1869 916 1890 ac
954 1860 1311 1901 supplicationes
1337 1869 1407 1899 pu·

770 1906 935 1942 blicae3
968 1916 999 1939 v.
1026 1907 1260 1946 Aristoph.
1293 1904 1410 1938 Nubb.

773 1963 803 1984 v.
820 1951 898 1985 305.
934 1951 1016 1984 Pac.
1032 1962 1063 1985 v,
1080 1951 1160 1986 396.
1184 1952 1408 1985 Demosth.

772 1998 828 2029 De
856 1997 985 2032 Coron.
1012 2008 1045 2039 p.
1069 1997 1148 2032 254.
1174 1998 1228 2032 15.
1255 2009 1286 2030 v.
1313 1997 1412 2030 Sui·

772 2045 847 2076 das
881 2055 906 2075 s.
941 2055 972 2077 v.
1009 2044 1197 2077 Thomas
1232 2045 1338 2086 Mag.
1376 2055 1410 2086 p.

773 2090 840 2124 752
879 2101 929 2132 sq.
968 2091 1087 2132 ibique
1122 2091 1232 2133 intpp.
1276 2090 1408 2132 Span-

773 2137 875 2168 hem.
906 2137 951 2168 ad
975 2136 1181 2169 Callimachi
1206 2137 1341 2179 Hymn.
1372 2138 1409 2169 in

771 2183 848 2215 Iov.
876 2193 965 2216 vers.
993 2183 1021 2214 I.

817 2251 862 2283 D.
913 2252 978 2283 καὶ
1004 2253 1288 2295 προαγῶνας]
1321 2262 1408 2285 cer-

772 2303 785 2329 t-
802 2308 823 2329 a
837 2299 933 2330 min
947 2310 968 2330 u
984 2310 1017 2330 m
1086 2300 1408 2341 praelusiones.

772 2345 892 2376 Alium
917 2355 1017 2376 usum
1048 2356 1125 2377 voc.
1157 2346 1312 2378 illustrat
1339 2346 1410 2376 Va-

773 2391 915 2422 lesius
951 2392 995 2423 ad
1021 2391 1231 2433 Harpocrat.
1263 2403 1295 2434 p.
1327 2392 1408 2426 511.

772 2438 826 2468 ed.
850 2437 948 2478 Lips.
994 2437 1050 2469 De
1072 2444 1218 2471 accentu
1244 2439 1410 2470 consulas

774 2482 802 2514 L
814 2493 833 2515 0
844 2483 959 2515 beck.
974 2483 1187 2527 Paralipom.
1202 2485 1345 2527 1.p.201
1355 2495 1408 2527 sq.

821 2554 885 2585 εἷς
927 2565 968 2585 τε
1004 2554 1247 2596 πολιτείαν]
1294 2553 1413 2586 (3011οψ

774 2601 947 2632 nationem
986 2601 1130 2632 voculae
1163 2611 1196 2631 ιε
1231 2601 1412 2642 attigimus

774 2648 816 2679 ad
845 2647 979 2679 Criton.
1013 2658 1045 2687 p.
1077 2646 1133 2681 43.
1170 2646 1209 2678 Β.
1242 2652 1276 2679 et
1307 2657 1411 2688 supra

774 2705 804 2734 p.
834 2693 909 2728 795.
934 2693 974 2724 Ε.
