1644 2886
462 95 570 145 ‚DE
602 93 878 138 LEGIBUS
909 100 990 134 eto.
1244 89 1409 133 XXXI

62 214 187 258 facile
225 213 417 269 potuerit
464 212 508 252 in
557 209 716 251 talibus
763 207 929 262 aliquid
978 207 1153 249 humani
1199 205 1412 248 accidere.

63 273 174 315 Tum
209 264 310 312 vero
348 269 479 311 etiam
518 266 873 309 verisimillimum
915 271 1008 319 est,
1047 278 1158 319 opus
1197 263 1414 319 amplissi-

34 320 44 332 ⁹
64 345 178 372 mum
217 334 262 370 et
294 342 347 369 ex
376 340 536 382 magna
565 323 791 372 doctrinae
822 323 1035 364 varietate
1065 320 1297 363 conflatum
1325 336 1414 363 non

65 402 151 430 uno
169 395 320 428 tenore
350 382 429 426 sed
460 398 539 436 per
565 380 794 424 intervalla
824 380 1033 435 scriptum
1056 394 1164 434 esse,
1192 379 1238 421 in
1268 379 1414 422 euius-

66 443 182 486 modi
223 441 461 497 scriptione
509 440 608 495 quis
654 444 722 480 est
769 436 875 492 quin
912 436 1007 493 ipse
1051 443 1259 493 expertus
1307 436 1417 479 sciat

66 517 194 558 quam
234 499 362 542 facile
400 502 752 554 argumentorum
792 508 931 536 nexus
970 500 1015 536 et
1045 494 1324 536 cohaerentia
1352 494 1417 535 in-

65 557 274 613 terrumpi
312 571 363 598 ao
401 554 569 596 turbari
610 549 772 608 queat?
840 550 1043 606 Denique
1082 552 1119 594 si
1158 567 1261 594 vera
1299 557 1417 605 sunt,

67 631 180 671 quae
220 615 304 656 alio
341 613 439 654 loco
476 609 665 652 vidimus
704 608 758 651 de
800 607 1004 664 Philippo
1035 607 1236 664 Opuntio
1265 609 1420 661 horum

67 674 275 716 librorum
304 675 406 726 post
436 668 603 710 obitum
632 665 831 709 Platonis
862 665 1028 708 editore
1057 667 1290 709 memoriae
1319 666 1430 723 pro->

68 730 161 772 dita
199 743 317 780 esse,
363 741 450 768 non
489 723 620 767 modo
667 722 927 778 verisimile,
975 722 1054 765 sed
1104 724 1421 780 propemodum

68 794 233 830 certum
284 789 376 837 est,
424 782 653 825 Platonem
698 782 842 837 ipsum
874 781 996 836 operi
1035 796 1124 823 non
1172 781 1422 824 admovisse

69 844 263 886 ultimam
299 855 495 893 manum,
551 845 707 895 utpote
751 839 797 880 in
844 837 1109 881 elaborando
1161 838 1238 881 illo
1282 848 1424 882 morte

66 915 336 959 oppressum.
415 897 574 952 Itaque
620 895 906 954 philosophus
956 896 1094 938 multa
1146 895 1323 938 videtur
1370 912 1424 939 eo

70 958 252 1002 consilio
294 956 458 1012 scripto
487 953 791 1007 mandavisse,
829 959 880 995 ut
907 960 1063 1010 postea
1090 953 1425 1011 refingerentur,

71 1019 422 1067 immutarentur,
465 1012 794 1069 supplerentur,
827 1018 1115 1068 augerentur,
1146 1011 1427 1055 emendaren-

73 1082 156 1116 tur.
231 1073 350 1115 Hine
387 1070 523 1127 igitur
562 1069 733 1111 facilem
782 1068 945 1111 habent
981 1068 1340 1125 explicat-ionem,
1390 1069 1428 1113 εἰ

73 1147 183 1189 quae
213 1131 356 1172 minus
393 1127 528 1184 polite
567 1127 733 1183 scripta
769 1141 821 1168 ac
850 1141 1004 1183 parum
1034 1126 1251 1169 subtiliter
1277 1125 1429 1184 dispu-

75 1197 167 1232 tata
196 1187 484 1244 reperiuntur.
542 1184 667 1226 Haec
687 1198 791 1226 vero
821 1184 858 1225 si
885 1184 947 1225 ita
977 1198 1073 1226 sese
1091 1183 1280 1239 habent,
1313 1191 1430 1228 certe

77 1262 156 1291 nec
193 1246 278 1288 ista
315 1242 460 1286 omnia
488 1241 727 1297 quidquam
757 1241 903 1283 valent
933 1239 989 1282 ad
1019 1241 1300 1285 evertendam
1328 1257 1432 1300 ope-

79 1306 135 1347 ris
194 1300 520 1353 auctoritatem,
571 1299 734 1355 quippe
776 1297 896 1353 quod
950 1300 1205 1354 ceteroquin
1267 1299 1432 1357 ingemi

79 1360 291 1403 Platonici
323 1358 448 1414 signa
479 1356 610 1399 refert
637 1357 768 1412 longe
798 1355 1137 1399 evidentissima.

396 1699 518 1778 Cap.
564 1700 692 1760 xvi.
785 1699 1035 1778 Segment.
1082 1702 1116 1761 Ι.

105 1825 392 1860 ‹bs-tenditur
417 1826 532 1869 quid
561 1826 610 1860 in
634 1825 835 1871 dialogo
861 1835 894 1861 a
917 1826 1111 1862 criticis
1146 1825 1418 1868 reprehen-

382 1893 384 1895 ’
655 1893 760 1919 sum
785 1883 867 1919 stt.

202 1985 431 2041 Pergimus
462 1984 518 2026 ad
548 1983 889 2026 considerandas
914 1983 1078 2041 dialogi
1099 1984 1239 2037 dotes,
1271 1984 1317 2025 in
1347 1983 1443 2038 qui-

91 2041 173 2084 bus
211 2042 315 2083 item
355 2042 557 2094 fuerunt,
609 2041 684 2097 qui
723 2041 983 2098 elegantiam
1021 2042 1187 2099 ingenii
1227 2040 1445 2086 Platonici

89 2097 401 2142 desiderarent.
470 2099 539 2140 Ex
578 2113 664 2153 quo
704 2113 863 2155 genere
903 2114 990 2141 non
1030 2115 1171 2156 pauca
1200 2105 1304 2142 sunt
1333 2113 1446 2154 quae

93 2156 214 2213 operi
246 2162 348 2198 sunt
383 2156 491 2198 vitio
531 2155 646 2198 data.
717 2155 1027 2207 Desideratur,
1066 2157 1294 2212 inquiunt,
1331 2156 1448 2199 inter

93 2220 303 2267 oratores,
333 2214 407 2268 qui
438 2213 737 2269 colloquentes
767 2213 1048 2269 inducuntur,
1078 2214 1333 2257 Platonicus
1363 2213 1446 2258 So·-

94 2277 260 2325 crates,
297 2271 343 2313 in
384 2271 567 2326 eiusque
605 2271 748 2313 locum
787 2278 959 2327 praeter
996 2288 1158 2314 morem
1189 2279 1234 2314 et
1263 2278 1447 2315 consue-

94 2327 289 2370 tudinem
307 2328 503 2372 incertus
534 2327 711 2384 quidam
739 2328 1026 2373 Atheniensis
1048 2330 1342 2379 substituitur,
1372 2328 1449 2384 qui

96 2385 192 2441 quis
213 2385 285 2440 sit,
307 2401 485 2442 prorsus
514 2386 559 2427 in
591 2386 759 2428 incerto
790 2386 1060 2443 relinquitur.
1092 2386 1451 2443 Colloquentium

96 2457 236 2486 mores
266 2452 312 2487 et
340 2442 518 2500 ingenia
538 2459 628 2486 non
652 2442 946 2500 depinguntur
962 2445 1210 2488 accuratius
1229 2444 1301 2486 vel
1320 2444 1451 2485 etiam

98 2500 240 2556 inepte
269 2507 313 2542 et
332 2500 490 2543 inscite
507 2500 818 2543 deformantur.
858 2501 972 2544 Tota
985 2502 1072 2545 ista
1098 2503 1252 2545 civitas
1262 2501 1452 2557 Magne-

99 2557 178 2611 sia,
201 2559 311 2611 quae
331 2557 554 2613 conditur,
583 2558 713 2614 plane
733 2564 802 2600 est
820 2558 981 2602 ficticia
1001 2566 1045 2602 et
1065 2559 1302 2612 subditiva,
1319 2573 1452 2614 quum

99 2622 243 2656 tamen
280 2615 408 2657 Plato
445 2614 586 2658 soleat
613 2615 887 2659 exordiorum
916 2623 1118 2660 ornatum
1148 2632 1174 2658 a
1202 2616 1319 2658 veris
1343 2615 1453 2658 locis

102 2686 154 2713 ac
193 2672 390 2727 personis
429 2679 635 2729 repetere.
707 2673 850 2717 Scena
889 2673 1052 2731 dialogi
1090 2680 1262 2731 praeter
1291 2687 1453 2716 morem
