1592 2872
465 77 548 121 DE
582 76 858 121 LEGIBUS
889 82 971 120 etc.
1252 75 1392 119 XVII

34 202 124 248 est,
165 201 213 235 ut
242 193 369 235 nobis
401 190 733 248 disquirendum
766 192 846 244 sit,
879 203 1066 246 quonam
1095 187 1224 231 modo
1257 196 1390 245 atque

33 252 104 294 via
141 250 371 293 consilium
409 265 537 292 suum
581 249 639 290 sit
682 254 965 303 exsequutus.
1035 246 1240 302 Iniquum
1274 246 1389 289 enim

32 318 100 352 est
138 308 178 350 ei
213 307 467 363 praecipere
511 305 646 360 velle,
687 304 906 360 quomodo
945 303 1030 361 ipsi
1066 303 1199 346 fuerit
1236 303 1388 360 dispu-

0 382 1 406 ;
30 364 220 408 tandum.
283 363 519 406 Videamus
549 363 697 420 igitur,
728 377 915 417 quonam
944 361 1129 404 artificio
1162 361 1216 404 ab
1246 376 1298 403 eo
1330 361 1389 403 sit

31 423 302 474 institutum,
350 427 400 463 ut
440 420 543 463 dum
584 435 654 463 res
702 419 852 461 civiles
902 418 1136 460 traduntur
1193 424 1237 460 et
1282 432 1386 461 con-

30 480 284 532 stituuntur,
319 478 452 520 veluti
469 476 590 520 aliud
607 475 775 534 agendo
803 475 930 519 simul
952 476 1084 519 etiam
1115 474 1385 528 ostendatur,

32 536 138 592 quid
168 536 221 578 de
251 535 534 578 fundamento
564 534 733 591 legum,
765 533 848 575 hoc
880 539 962 586 est,
994 532 1048 575 de
1077 533 1240 575 virtute
1272 533 1385 576 eius-

33 609 117 650 que
155 593 422 646 rationibus,
452 590 730 635 sentiendum
761 591 830 633 sit.
892 588 1024 643 Quod
1057 589 1231 644 quidem
1263 590 1385 634 vide-

32 667 127 693 mur
163 650 365 693 facillime
409 648 723 704 consequuturi
753 662 875 702 esse,
918 648 956 690 si
987 662 1157 689 omnem
1186 646 1384 701 disputa-

30 708 164 751 tionis
192 708 304 749 viam
334 705 477 748 denuo
510 706 698 749 breviter
727 705 1042 761 perlustramus
1075 710 1205 760 atque
1237 707 1381 747 omnia

31 772 74 807 et
111 764 284 821 singula
321 770 421 820 apte
462 778 513 806 ac
553 779 633 806 suo
671 763 770 806 loco
809 763 955 820 posita
994 777 1091 805 esse
1120 762 1274 818 paucis
1307 762 1382 805 de-

29 828 333 864 monstremus.

139 878 295 933 Itaque
342 878 468 920 initio
517 877 660 934 operis
708 877 800 919 sive
851 876 1029 932 primo
1080 875 1231 920 libro
1279 882 1380 919 ante

28 936 171 978 omnia
192 951 373 978 censura
389 936 534 992 agitur
564 935 709 992 legum
738 934 902 977 Minois
932 939 978 976 et
1008 934 1217 991 Lycurgi,
1251 933 1382 976 doce-

28 1000 183 1048 turque
224 1008 297 1035 eas
336 1008 424 1036 non
455 998 572 1035 recte
605 992 660 1034 ad
689 1007 821 1034 unam
850 990 1149 1034 fortitudinem
1180 991 1380 1034 bellicam

25 1055 297 1106 comparatas
327 1065 437 1092 esse.
497 1048 630 1103 Quod
654 1049 756 1092 dum
786 1049 848 1091 ita
870 1049 1111 1106 peragitur,
1132 1063 1222 1091 non
1249 1048 1380 1092 modo

26 1107 306 1149 fortitudo
336 1107 528 1164 vulgaris
558 1107 628 1149 vel
658 1106 882 1163 popularis
901 1106 1200 1160 adumbratur,
1230 1122 1381 1150 verum

29 1164 157 1206 etiam
195 1165 415 1220 sapienter
455 1164 600 1221 legum
648 1163 918 1206 conditorem
975 1162 1222 1206 ostenditur
1270 1180 1381 1207 non

27 1237 181 1263 unam
219 1222 462 1276 aliquam
511 1221 754 1264 virtutis
793 1227 1031 1276 partem,
1073 1220 1167 1263 sed
1205 1228 1379 1264 totam

27 1285 196 1333 atque
232 1279 511 1335 integram
563 1279 833 1320 virtutem
882 1278 950 1320 ob
1001 1277 1193 1322 oculos
1258 1293 1379 1322 esse

25 1335 366 1387 habiturum3
399 1350 603 1390 quorsum
634 1336 824 1391 pertinet
850 1335 974 1378 locus
995 1336 1116 1378 Libr.
1146 1335 1183 1378 Ι.
1214 1352 1257 1393 p.
1282 1338 1378 1380 631.

26 1395 82 1435 A.
121 1407 260 1448 usque
301 1391 357 1434 ad
396 1409 439 1449 p.
484 1394 581 1436 632.
621 1393 674 1434 E.
756 1391 914 1447 Itaque
953 1393 1098 1435 statim
1151 1393 1205 1436 ab
1253 1393 1378 1436 initio

26 1450 236 1493 sermonis
279 1449 478 1492 sollerter
513 1450 752 1492 indicatum
793 1456 880 1504 est,
922 1450 1038 1492 omni
1075 1450 1378 1508 legumlationi

27 1508 291 1564 propositam
331 1522 426 1550 esse
465 1514 664 1563 oportere
706 1507 937 1561 virtutem,
970 1514 1020 1550 ut
1046 1506 1130 1550 iam
1159 1508 1377 1566 principio

28 1580 112 1607 nou
165 1564 350 1607 obscure
404 1564 511 1606 illud
553 1564 852 1622 significetur,
914 1564 968 1607 ad
1021 1565 1137 1620 quod
1189 1565 1377 1621 denique

28 1621 168 1663 omnia
204 1621 431 1664 referenda
461 1622 572 1675 sint,
613 1637 725 1678 quae
765 1622 972 1678 deinceps
1003 1622 1057 1665 de
1086 1623 1258 1681 legibus
1289 1623 1377 1667 dis·

27 1686 240 1722 seruntur.
311 1682 463 1733 Atque
504 1679 612 1722 haec
656 1680 719 1722 rei
759 1679 1023 1736 significatio
1063 1687 1132 1723 est
1175 1681 1376 1737 profecto

25 1742 145 1778 tanto
176 1737 351 1793 gravior
381 1742 424 1778 et
455 1735 510 1778 ad
532 1753 701 1779 omnem
722 1737 1063 1794 disputationem
1095 1738 1375 1792 fructuosior,

27 1792 147 1848 quod
186 1793 338 1836 eodem
385 1793 470 1836 isto
513 1794 611 1836 loco
651 1795 779 1837 simul
819 1795 949 1836 etiam
979 1795 1211 1847 exhibetur
1251 1797 1377 1839 uni-

29 1865 230 1893 versae
295 1851 358 1893 de
415 1851 668 1907 Legibus
726 1851 1172 1908 disputationis,
1234 1869 1376 1909 quae

27 1905 300 1962 deinceps
342 1914 654 1962 sequutura
697 1910 797 1961 sit,
831 1910 1016 1952 brevis
1047 1909 1375 1966 descriptio,

27 1978 114 2019 qua
153 1962 262 2005 adeo
303 1978 378 2016 ea,
430 1979 542 2019 quae
578 1965 688 2007 libro
723 1965 982 2009 duodecimo
1032 1966 1087 2009 de
1118 1967 1377 2011 custodibus

26 2020 292 2076 reipublicae
350 2028 651 2076 exponuntur,
711 2028 920 2077 tanquam
968 2038 1134 2066 summa
1188 2024 1376 2080 quadam

26 2077 460 2134 comprehenduntur.
521 2078 618 2121 Nec
646 2084 791 2121 tamen
820 2079 994 2137 longius
1024 2081 1256 2125 universae
1286 2083 1374 2126 vir-—

26 2134 134 2177 tutis
173 2134 540 2178 commendationi
581 2135 831 2179 immoratur
860 2137 1124 2194 disputatio,
1156 2139 1235 2182 sed
1265 2155 1373 2196 quo-

26 2191 139 2234 niam
166 2191 391 2248 popularis
423 2193 491 2234 vel
523 2192 664 2236 civilis
694 2193 834 2237 virtus
875 2195 1085 2252 imprimis
1118 2211 1172 2238 ex
1202 2197 1374 2240 fortitu-

27 2247 128 2291 dine
157 2254 202 2292 et
229 2250 520 2305 temperantia
541 2256 730 2306 constat,
761 2258 946 2295 exeunte
974 2253 1087 2296 libro
1118 2254 1256 2310 primo
1275 2265 1374 2313 pro—

25 2312 151 2349 tenus
180 2306 238 2349 ad
263 2305 377 2349 hanc
406 2313 677 2364 properatur.
733 2308 929 2352 Docetur
963 2311 1098 2368 igitur
1134 2311 1375 2356 fortitu-

26 2362 211 2406 dinem
250 2379 338 2406 non
375 2370 543 2407 tantum
582 2366 628 2407 in
667 2365 892 2410 vincendis
930 2366 1132 2411 hostibus
1185 2370 1374 2413 externis

27 2420 216 2475 positam
246 2435 358 2474 esse,
391 2421 470 2464 sed
499 2423 709 2479 imprimis
740 2423 868 2466 etiam
897 2425 1015 2467 cerni
1044 2425 1090 2468 in
1121 2440 1189 2481 eo,
1218 2434 1268 2469 ut
1295 2443 1374 2470 no-

27 2483 139 2520 stras
166 2477 362 2534 ipsorum
392 2479 655 2535 cupiditates
685 2485 728 2522 et
756 2480 887 2523 animi
917 2481 1171 2526 affectiones
1200 2484 1374 2527 vincere

30 2539 75 2575 et
102 2548 304 2590 superare
334 2537 564 2592 possimus.
623 2536 795 2591 Quibus
823 2539 1050 2595 explicatis
1068 2540 1226 2583 deinde
1257 2557 1374 2584 com-

31 2589 279 2634 modissime
309 2593 518 2636 transitur
546 2594 601 2637 ad
631 2597 1075 2652 temperantiam,
1108 2613 1219 2652 quae
1249 2601 1374 2655 quasi

34 2662 132 2689 cum
184 2647 318 2691 altera
364 2649 447 2692 hac
493 2651 764 2694 fortitudinis
801 2659 922 2709 parte
964 2654 1146 2698 interius
1186 2664 1373 2713 cognata

1076 2723 1106 2763 Β
1322 2718 1341 2744 0
