1644 2886
276 86 356 126 wo
782 74 1156 125 PLATON18

276 203 347 241 καὶ
399 197 476 240 οὐκ
521 200 688 255 ἐκφανῆ
737 199 843 239 πᾶσι
887 197 1151 254 γιγνόμενα,
1201 199 1360 256 ῥᾳδίως
1402 199 1488 244 ὑπὸ
1530 203 1602 253 τῆς

280 263 472 307 ἑκάστων
520 263 659 314 λύπης
706 279 748 306 τε
793 264 864 305 καὶ
900 261 1062 315 ἡδονῆς
1093 267 1165 307 καὶ
1202 268 1442 320 ἐπιθυμίας
1478 272 1601 323 ἕτερα

276 327 395 385 παρὰ
436 326 514 377 τὰς
547 331 629 371 τοῦ
667 331 917 384 νομοθέτου
964 328 1211 383 ξυμβουλὰς
1255 329 1601 387 παραγενόμενα,

275 391 541 437 παντοδαπὰ
579 397 650 436 καὶ
687 393 766 449 οὐχ
801 391 934 449 ὅμοια
978 394 1185 446 ἀλλήλοις
1222 394 1506 452 ἀπεργάζοιτ’
1545 395 1603 439 ἂν

275 459 329 502 τὰ
367 461 453 501 τῶν
488 462 678 502 πολιτῶν
714 459 836 512 ἤθη·
884 462 1018 503 τοῦτο
1057 463 1100 503 δὲ
1136 459 1272 504 κακὸν
1307 471 1404 511 ταῖς
1439 462 1600 505 πόλεσι.

276 528 347 567 καὶ
393 523 478 579 γὰρ
527 523 596 567 διὰ
636 524 904 581 σμικρότητα
943 525 1092 570 αὐτῶν
1122 530 1193 569 καὶ
1231 528 1480 580 πυκνότητα
1515 533 1604 571 ἑπι-

276 590 407 645 ζήμια
443 589 627 633 τιθέντα
664 599 805 634 ποιεῖν
834 589 994 645 νόμους
1027 589 1216 646 ἀπρεπὲς
1250 590 1345 647 ἅμα
1375 596 1448 636 καὶ
1471 591 1604 648 ἄσχη-

274 673 374 709 μον.
412 658 663 715 διαφθείρει
700 659 743 699 δὲ
780 659 852 699 καὶ
887 655 988 705 τοὺς
1023 661 1171 718 γραφῇ
1196 661 1409 708 τεθέντας
1431 658 1605 713 νόμους,

277 728 322 765 ὲν
369 730 463 771 τοῖς
506 731 703 776 σμικροῖς
743 726 814 765 καὶ
863 732 1043 772 πυκνοῖς
1087 727 1368 766 ἐθισθέντων
1407 726 1493 766 τῶν
1525 724 1605 766 άν-

285 786 479 843 θρώπων
521 797 806 843 παρανομεῖν.
862 787 965 838 ὥςτε
1016 786 1182 845 ἀπορία
1226 791 1305 843 μὲν
1351 792 1446 846 περὶ
1487 787 1602 832 αὐτὰ

280 857 562 908 νομοθετεῖν,
598 856 726 906 σιγᾶν
764 856 805 896 δὲ
842 854 1079 898 ἀδύνατον.
1115 853 1143 896 ἃ
1183 857 1225 896 δὲ
1261 858 1377 908 λέγω,
1414 857 1605 907 δηλῶσαι

279 923 506 974 πειρατέον
554 919 649 962 οἷον
695 922 904 973 δείγματα
949 920 1222 973 ἐξενεγκόντα
1268 925 1326 969 εὶς
1361 922 1475 978 φῶς·
1524 923 1604 962 νῦν

277 985 361 1040 γὰρ
397 988 644 1040 λεγομένοις
681 989 788 1028 ἔοικε
826 984 939 1026 κατοὶ
975 1002 1015 1027 τι
1053 985 1219 1035 σκότος.

382 1053 479 1092 ΚΛ.
545 1050 850 1102 ’Λληθεστατα
887 1053 1030 1103 λέγεις.

379 1118 476 1158 ΑΘ.
549 1115 719 1159 Οὐκοῦν
767 1115 834 1160 ὅτι
877 1118 956 1170 μὲν
1004 1114 1181 1171 σώματα
1230 1117 1300 1159 καὶ
1344 1115 1489 1176 ψυχάς
1528 1116 1636 1183 τήν1

370 1242 445 1275 οὐκ
472 1245 653 1286 ἐκφανῆ]
682 1244 866 1277 Florentini
894 1254 1013 1277 omnes
1038 1246 1183 1287 ἐμφανῆ.
1236 1244 1327 1277 idem
1355 1244 1480 1276 habent
1507 1243 1543 1277 Ξ.
1560 1245 1605 1276 sl.

278 1289 299 1321 f.
327 1289 356 1323 ΙΙ.
384 1299 409 1322 r.
463 1290 534 1322 Sed
570 1293 720 1331 praestat
750 1291 894 1331 ἐκφανῆ,
927 1291 1025 1322 etiam
1065 1290 1231 1322 firmatum
1266 1301 1283 1321 u
1317 1289 1607 1330 praestantissimo

282 1335 357 1367 Par.
387 1337 424 1366 A.
451 1339 488 1368 ut
512 1336 672 1368 miremur
699 1335 942 1370 Schneiderum
969 1336 1102 1377 ἐμφανῆ
1131 1335 1343 1376 praetulisse.

978 1446 1109 1478 tibus.
1161 1445 1284 1476 Veram
1320 1443 1605 1484 interpunctionis

979 1492 1144 1523 rationem
1202 1489 1326 1521 habent
1380 1489 1477 1520 editt.
1525 1493 1605 1519 vett.

279 1454 357 1478 esse
383 1449 562 1487 oportere,
596 1447 673 1487 qnia
701 1447 911 1488 reipublicae

279 1493 523 1523 convenienter
539 1492 715 1524 vivendum
737 1493 781 1524 sit
806 1497 840 1524 et
864 1493 911 1523 in-

278 1537 415 1568 stitutio
440 1539 547 1569 totam
570 1537 737 1578 cuiusque
763 1541 911 1569 aetatem
977 1533 1317 1577 praeterquamquod
1338 1534 1426 1566 maie
1451 1536 1529 1575 post
1552 1532 1608 1563 καὶ

280 1581 542 1622 complectatur.

323 1625 483 1670 ῥᾳδίως
506 1624 588 1657 ὕπὸ
616 1629 693 1665 τῆς
719 1624 910 1657 ἑκάστων

279 1688 322 1693 --
368 1669 731 1713 παραγενόμενα]
801 1670 909 1702 Prave

279 1714 361 1748 haec
393 1726 411 1747 a
441 1716 641 1749 Bekkero
679 1715 821 1756 aliisque
859 1715 908 1746 di-

280 1761 500 1802 stinguuntur
539 1761 609 1799 sic,
655 1767 694 1793 ut
737 1764 910 1792 commate

281 1810 362 1848 post
396 1805 580 1849 γιγνόμενα
622 1805 752 1838 omisso
800 1805 908 1837 oratio

279 1855 361 1893 post
385 1851 575 1893 ἐπιθυμίας
607 1850 794 1889 incidatur,
828 1850 908 1882 reli-

280 1906 348 1938 qua
377 1900 492 1929 autem
525 1895 604 1928 inde
628 1896 670 1928 ab
694 1894 790 1938 ἕτερα
818 1893 907 1935 παρὰ

282 1939 346 1976 τοὶς
375 1954 405 1973 τ.
439 1954 468 1974 κ.
502 1955 532 1973 τ.
567 1941 595 1972 λ.
629 1945 801 1973 commate
832 1944 910 1981 post

280 1985 537 2030 παραγενόμενα
569 1986 680 2018 eiecto
713 1994 790 2017 cum
828 1995 909 2017 con-

283 2032 504 2073 sequentibus
530 2032 560 2064 in
587 2041 685 2063 mmm
703 2030 908 2073 coniungan-

281 2081 347 2109 tur.
406 2078 484 2110 Imo
513 2078 681 2110 sententia
719 2076 800 2109 haec
837 2079 907 2108 est:

284 2120 491 2164 privatim
529 2123 634 2155 enim
673 2124 802 2163 utque
841 2121 909 2154 do-

283 2167 336 2200 mi
386 2170 518 2201 multa
568 2167 731 2209 pusille
773 2176 911 2207 neque

283 2214 483 2246 omnibus
516 2210 749 2254 conspicua
782 2212 910 2250 fiunt,

283 2258 418 2291 facile
443 2262 625 2300 propter
649 2255 909 2298 singulorum

283 2304 486 2345 dolores,
550 2304 806 2344 voluptates
871 2305 912 2334 et

283 2350 552 2393 cupiditates
601 2349 659 2381 ita
708 2347 910 2380 evenien-

283 2397 354 2436 tia,
370 2400 414 2428 ut
432 2394 691 2436 discrepent
713 2403 732 2425 s
754 2393 910 2433 legum-

286 2440 442 2474 tatoris
497 2438 718 2474 consilii„
774 2446 909 2479 quam-

284 2488 428 2520 obrem
464 2485 613 2518 eadem
647 2483 780 2519 etiam
809 2482 909 2514 civi-

286 2541 347 2565 um
395 2539 539 2564 mores
586 2528 728 2561 varios
770 2536 911 2568 neque

284 2580 404 2611 inter
429 2586 474 2609 se
497 2575 666 2610 similes
694 2571 906 2610 efficient,

285 2624 323 2656 id
350 2621 465 2666 quod
493 2619 647 2657 maium
672 2622 738 2652 est
763 2617 908 2653 civita-

976 1581 1166 1620 ἐπιθυμίας
1226 1588 1360 1611 comma
1416 1577 1605 1610 inferciunt.

980 1625 1061 1656 Voc.
1088 1623 1183 1667 ἕτερα
1210 1629 1326 1656 nectas
1360 1633 1433 1656 cum
1460 1633 1605 1665 παραγε-

977 1669 1123 1711 νόμενα,
1167 1669 1212 1699 ita
1246 1672 1283 1700 ut
1317 1668 1405 1700 idem
1440 1668 1485 1699 sit
1517 1666 1605 1708 quod

975 1713 1017 1752 ὡς
1040 1714 1147 1756 ἕτερα.
1198 1713 1500 1745 Constructionem
1530 1722 1605 1745 ver-

978 1760 1097 1791 borum
1137 1757 1234 1800 ἕτερα
1271 1757 1362 1802 παρὰ
1409 1756 1473 1794 τὰς
1512 1769 1542 1789 τ.
1577 1769 1604 1787 ν.

975 1802 1171 1844 ευμβουλὰς
1195 1803 1370 1844 attigimus
1395 1801 1437 1834 ad
1464 1802 1546 1835 Crit.
1573 1812 1605 1843 p.

975 1849 1030 1882 54.
1058 1849 1096 1879 D.
1125 1847 1253 1880 Phaed.
1271 1859 1303 1889 p.
1323 1847 1377 1881 74.
1399 1849 1438 1881 Α.
1468 1847 1542 1881 107.
1561 1849 1602 1878 A.

977 1893 1108 1926 Phiieb.
1144 1904 1174 1934 p.
1207 1893 1262 1926 21.
1292 1893 1330 1924 D.
1358 1894 1399 1925 ni.
1451 1892 1535 1924 Dein
1559 1892 1606 1924 ic-

975 1938 1121 1981 gendum
1149 1947 1346 1970 censemus:
1379 1937 1526 1968 καίτοι
1549 1934 1601 1968 διὰ

977 1982 1205 2027 σμικρότηται
1249 1981 1369 2025 atqui
1422 1986 1605 2023 propter

978 2028 1244 2072 parvitatem
1283 2033 1342 2060 ctr.
1409 2027 1512 2059 Certe
1552 2027 1607 2056 καὶ

975 2075 1041 2117 γὰρ
1066 2085 1085 2106 a
1110 2074 1278 2106 sententia
1304 2077 1357 2105 est
1381 2071 1536 2104 alienum.

1028 2120 1064 2151 Β.
1116 2117 1369 2160 διαφθείρει
1395 2116 1433 2148 δὲ
1459 2115 1526 2148 καὶ
1548 2115 1604 2155 —]

980 2166 1040 2197 lnt.
1066 2162 1173 2203 αὐτό,
1209 2165 1229 2195 i.
1257 2173 1286 2195 e.
1318 2163 1345 2194 si
1377 2162 1452 2202 quis
1487 2160 1530 2192 de
1557 2159 1604 2191 iiis

979 2211 1080 2243 rebus
1110 2210 1204 2249 leges
1240 2207 1389 2239 scribere
1426 2205 1604 2246 aggredia-

979 2259 1042 2287 tur.
1071 2264 1100 2285 v.
1127 2263 1201 2286 ann.
1228 2252 1270 2283 ad
1297 2251 1442 2283 Theaet.
1471 2261 1500 2292 p.
1529 2250 1602 2283 171.

981 2302 1018 2333 A.
1045 2302 1080 2331 et
1104 2298 1180 2332 187.
1210 2297 1247 2328 C.

1024 2343 1062 2376 C.
1087 2339 1180 2375 οἷον
1205 2341 1422 2382 δείγματα
1447 2337 1602 2379 ἐξενεγ-

977 2388 1112 2421 κόντα
1147 2387 1210 2429 --]
1258 2383 1487 2426 Δείγματα
1527 2387 1605 2414 sunt

979 2434 1136 2474 exempla
1160 2439 1270 2463 rerum
1299 2427 1466 2461 venalium
1493 2429 1604 2469 speci-

978 2478 1074 2512 minis
1099 2485 1220 2509 caussa
1244 2486 1262 2507 a
1289 2472 1536 2508 mercatoribus
1555 2472 1605 2503 vei

979 2522 1133 2565 exposita
1163 2522 1219 2553 vel
1256 2519 1359 2557 etiam
1390 2517 1466 2551 aliis
1496 2515 1605 2549 modis

979 2570 1102 2602 obluta.
1122 2576 1151 2597 v.
1180 2565 1324 2606 Harpe
1339 2567 1442 2601 crst-
1469 2567 1503 2593 et
1529 2560 1604 2593 He-

980 2612 1088 2655 sych.
1117 2622 1142 2643 s.
1165 2621 1192 2644 v,
1221 2610 1327 2644 Poll.
1355 2608 1414 2642 IX.
1433 2606 1486 2642 34.
1514 2606 1603 2638 Ast.
