1644 2886
354 1036 1110 1116 ARGUMENTUM

464 1229 469 1231 s
500 1179 680 1215 mmu
703 1176 961 1214 ocu-An.

57 1339 284 1414 Absoluta
314 1371 369 1415 de
398 1372 674 1415 institutione
704 1387 755 1414 ac
792 1371 1025 1428 disciplina
1054 1370 1235 1413 iuvenili
1264 1369 1414 1428 dispu-

54 1429 221 1472 tatione
251 1429 361 1472 libro
391 1436 546 1472 octavo
576 1430 761 1486 primum
793 1429 848 1472 de
865 1429 1024 1485 diebus
1053 1428 1178 1471 festis
1198 1443 1250 1470 ac
1277 1428 1416 1471 sacris

55 1485 322 1529 solemnibus
372 1486 708 1542 coniunctisque
749 1502 848 1529 cum
886 1485 1043 1528 iisdem
1081 1484 1196 1527 ludis
1228 1485 1416 1542 publicis

55 1542 198 1598 deque
248 1543 508 1586 castimonia
555 1545 601 1585 in
651 1544 704 1586 iis
751 1542 1000 1587 necessaria
1058 1557 1111 1585 ex
1145 1543 1292 1585 onitur
1340 1543 1414 1599 (p.

55 1601 138 1642 828
168 1625 226 1631 —
256 1601 352 1644 842.
383 1600 491 1656 B.);
530 1615 582 1643 ac
620 1599 779 1643 deinde
820 1601 1033 1643 transitur
1073 1614 1099 1641 a
1161 1598 1414 1642 describen-

55 1656 158 1699 dum
189 1656 350 1700 civium
379 1657 544 1700 victum
574 1657 827 1712 cultumque
855 1665 898 1700 et
928 1657 985 1699 ad
1021 1655 1272 1699 definienda
1301 1657 1413 1712 iura,

54 1728 167 1769 quae
213 1712 314 1756 inde
361 1713 704 1770 proficiscuntur
747 1715 820 1771 (p.
870 1716 967 1758 842.
1010 1712 1062 1761 C.
1092 1737 1149 1744 —
1181 1715 1278 1757 850.
1317 1712 1415 1768 0.).

54 1770 125 1812 De
155 1770 315 1826 quibus
347 1771 477 1813 rebus
506 1786 656 1814 rursus
687 1771 750 1813 ita
779 1771 1039 1827 explicatur,
1071 1776 1120 1812 ut
1138 1785 1227 1812 non
1255 1785 1417 1827 pauca,

55 1825 158 1868 data
198 1828 553 1883 opportunitate,
595 1829 799 1870 universe
839 1828 1133 1881 disserantur,
1163 1830 1419 1884 proponan-

55 1892 212 1938 tux-que
251 1884 499 1926 communia
541 1884 756 1940 quaedam
797 1884 988 1927 civitatis
1018 1883 1240 1940 sapienter
1267 1883 1419 1927 mode-

55 1939 218 1982 randae
248 1938 555 1997 regendaeque
585 1948 835 1998 praecepta.
896 1941 1022 1995 Quae
1053 1941 1212 1996 omnia,
1243 1941 1289 1983 in
1318 1941 1419 1984 bre—

54 1997 151 2039 vius
182 2003 424 2052 contracta,
457 2012 508 2040 eo
538 1997 669 2040 modo
699 1998 871 2041 iuvabit
889 1998 1177 2053 enarravisse,
1207 2004 1258 2040 ut
1276 1998 1418 2041 Athe-

55 2053 249 2096 niensem
282 2069 431 2097 rursus
461 2053 719 2098 inducamus
782 2061 963 2112 erpetua
982 2054 1179 2097 utentem
1205 2054 1416 2098 oratione.

56 2109 101 2152 Is
131 2111 267 2168 igitur
297 2110 406 2154 haec
437 2111 528 2154 fere
558 2109 710 2154 ordine
774 2112 950 2170 einceps
981 2111 1192 2168 disputat.

168 2167 381 2224 Sequitur
409 2183 551 2223 nunc,
595 2174 646 2210 ut
681 2184 765 2225 ope
796 2169 1069 2212 oraculorum
1100 2166 1419 2224 Delphicorum

55 2223 147 2267 dies
176 2225 279 2267 festi
309 2223 606 2268 constituendi
635 2235 680 2267 et
709 2241 834 2269 sacra
853 2225 1092 2269 sancienda
1121 2225 1224 2280 sint,
1255 2224 1417 2280 quibus

55 2280 160 2324 deos
216 2282 360 2324 colere
420 2297 470 2325 ac
522 2283 719 2325 venerari
779 2283 1027 2327 conveniat.
1103 2281 1418 2326 Verumtamen

28 2343 224 2395 -tempus
265 2337 440 2395 quidem
478 2345 523 2382 et
549 2355 775 2382 numerum
807 2354 955 2383 eorum
987 2340 1169 2382 forsitan
1199 2339 1419 2381 nobismet
1473 2383 1482 2386 ,

55 2394 67 2435 i
104 2396 162 2437 sis
182 2395 331 2438 licebit
360 2395 541 2438 definire
563 2402 607 2438 et
626 2397 902 2440 constituere.
933 2396 1091 2452 Itaque
1112 2396 1296 2453 primum
1320 2394 1416 2451 qui-

90 2467 155 2493 em
196 2467 248 2495 ne
287 2453 401 2496 ul³us
440 2453 534 2494 dies
574 2461 700 2496 vacet
748 2453 1062 2511 religionibus,
1112 2451 1311 2509 quotidie
1361 2451 1416 2494 ab

59 2522 144 2549 uno
175 2507 320 2564 aliquo
354 2510 611 2567 magistratu
657 2510 740 2552 deo
772 2511 903 2553 alicui
935 2517 1009 2553 aut
1040 2510 1242 2552 daemoni
1271 2508 1415 2566 publi-

58 2578 155 2605 cum
185 2564 262 2606 fiat
290 2567 566 2611 sacrificium.
628 2566 697 2610 De
730 2582 816 2622 qua
846 2583 891 2610 re
924 2568 1130 2622 quoniam
1160 2582 1248 2609 non
1271 2565 1417 2608 omnia

58 2635 108 2664 ac
152 2621 326 2679 singula
367 2623 538 2680 legibus
600 2631 787 2681 possunt
833 2625 1051 2681 praecipi,
1105 2638 1217 2680 quae
1257 2623 1302 2666 in
1346 2622 1415 2666 his

59 2678 363 2732 praetermissa
394 2680 569 2734 suerint,
603 2696 653 2725 ea
697 2680 956 2736 religionum
995 2682 1257 2738 interpretes
1296 2695 1415 2724 com-
