<?xml version="1.0" encoding="UTF-8"?>
<!DOCTYPE html PUBLIC "-//W3C//DTD XHTML 1.0 Transitional//EN"
    "http://www.w3.org/TR/xhtml1/DTD/xhtml1-transitional.dtd">
<html xmlns="http://www.w3.org/1999/xhtml" xml:lang="en" lang="en">
 <head>
  <title>
</title>
<meta http-equiv="Content-Type" content="text/html;charset=utf-8" />
  <meta name='ocr-system' content='tesseract 3.04.00' />
  <meta name='ocr-capabilities' content='ocr_page ocr_carea ocr_par ocr_line ocrx_word'/>
</head>
<body>
  <div class='ocr_page' id='page_1' title='image "./s2operaomniarece10platuoft_0403.png"; bbox 0 0 1644 2886; ppageno 0'>
   <div class='ocr_carea' id='block_1_1' title="bbox 41 90 1400 1272">
    <p class='ocr_par' dir='ltr' id='par_1_1' title="bbox 48 90 1397 338">
     <span class='ocr_line' id='line_1_1' title="bbox 215 90 1397 139; baseline -0.006 -1"><span class='ocrx_word' id='word_1_1' title='bbox 215 96 295 138; x_wconf 88' lang='lat' dir='ltr'><strong><em>DE</em></strong></span> <span class='ocrx_word' id='word_1_2' title='bbox 328 94 604 139; x_wconf 86' lang='lat' dir='ltr'>LEGIBUS</span> <span class='ocrx_word' id='word_1_3' title='bbox 637 93 757 136; x_wconf 86' lang='lat' dir='ltr'><strong>LIB.</strong></span> <span class='ocrx_word' id='word_1_4' title='bbox 790 91 894 135; x_wconf 85' lang='lat' dir='ltr'><strong>VII.</strong></span> <span class='ocrx_word' id='word_1_5' title='bbox 930 91 974 134; x_wconf 88' lang='lat' dir='ltr'><strong><em>P.</em></strong></span> <span class='ocrx_word' id='word_1_6' title='bbox 1010 93 1099 134; x_wconf 78' lang='lat'><strong>798.</strong></span> <span class='ocrx_word' id='word_1_7' title='bbox 1134 90 1198 134; x_wconf 80' lang='lat' dir='ltr'><strong><em>St.</em></strong></span> <span class='ocrx_word' id='word_1_8' title='bbox 1316 91 1397 133; x_wconf 73' lang='lat'><strong><em>289</em></strong></span> 
     </span>
     <span class='ocr_line' id='line_1_2' title="bbox 50 210 1395 275; baseline -0.005 -16"><span class='ocrx_word' id='word_1_9' title='bbox 50 215 196 275; x_wconf 74' lang='grc' dir='ltr'><strong><em>ψόγου</em></strong></span> <span class='ocrx_word' id='word_1_10' title='bbox 225 220 323 271; x_wconf 78' lang='grc' dir='ltr'><strong><em>πέρι</em></strong></span> <span class='ocrx_word' id='word_1_11' title='bbox 342 212 484 258; x_wconf 77' lang='grc' dir='ltr'><strong><em>πυκνὰ</em></strong></span> <span class='ocrx_word' id='word_1_12' title='bbox 516 217 790 270; x_wconf 73' lang='grc' dir='ltr'><em>μεταπίπτει,</em></span> <span class='ocrx_word' id='word_1_13' title='bbox 809 210 1004 261; x_wconf 77' lang='grc' dir='ltr'><strong><em>πάντων,</em></strong></span> <span class='ocrx_word' id='word_1_14' title='bbox 1026 212 1192 267; x_wconf 68' lang='grc' dir='ltr'><strong><em>οἴομαι,</em></strong></span> <span class='ocrx_word' id='word_1_15' title='bbox 1214 210 1395 265; x_wconf 74' lang='grc' dir='ltr'><strong><em>μέγιστά</em></strong></span> 
     </span>
     <span class='ocr_line' id='line_1_3' title="bbox 48 277 1136 338; baseline -0.005 -12"><span class='ocrx_word' id='word_1_16' title='bbox 48 300 92 327; x_wconf 88' lang='grc' dir='ltr'><strong><em>τε</em></strong></span> <span class='ocrx_word' id='word_1_17' title='bbox 128 286 201 326; x_wconf 83' lang='grc' dir='ltr'><strong><em>καὶ</em></strong></span> <span class='ocrx_word' id='word_1_18' title='bbox 238 286 440 336; x_wconf 80' lang='grc' dir='ltr'><strong><em>πλείστης</em></strong></span> <span class='ocrx_word' id='word_1_19' title='bbox 474 282 704 338; x_wconf 80' lang='grc' dir='ltr'><strong><em>εὐλαβείας</em></strong></span> <span class='ocrx_word' id='word_1_20' title='bbox 739 280 924 336; x_wconf 77' lang='grc' dir='ltr'><strong><em>δεόμενα</em></strong></span> <span class='ocrx_word' id='word_1_21' title='bbox 959 277 1019 323; x_wconf 76' lang='grc' dir='ltr'><strong><em>ἂν</em></strong></span> <span class='ocrx_word' id='word_1_22' title='bbox 1056 278 1136 330; x_wconf 74' lang='grc' dir='ltr'><strong><em>εἴη.</em></strong></span> 
     </span>
    </p>

    <p class='ocr_par' dir='ltr' id='par_1_2' title="bbox 147 348 662 407">
     <span class='ocr_line' id='line_1_4' title="bbox 147 348 662 407; baseline 0 -13"><span class='ocrx_word' id='word_1_23' title='bbox 147 352 249 394; x_wconf 88' lang='grc' dir='ltr'><strong><em>ΚΛ.</em></strong></span> <span class='ocrx_word' id='word_1_24' title='bbox 320 352 429 402; x_wconf 89' lang='grc' dir='ltr'><strong><em>Πῶς</em></strong></span> <span class='ocrx_word' id='word_1_25' title='bbox 461 350 548 407; x_wconf 75' lang='grc' dir='ltr'><strong><em>γὰρ</em></strong></span> <span class='ocrx_word' id='word_1_26' title='bbox 583 348 662 401; x_wconf 72' lang='grc' dir='ltr'><strong><em>οὕς</em></strong></span> 
     </span>
    </p>

    <p class='ocr_par' dir='ltr' id='par_1_3' title="bbox 44 426 1400 693">
     <span class='ocr_line' id='line_1_5' title="bbox 147 426 1398 495; baseline -0.003 -19"><span class='ocrx_word' id='word_1_27' title='bbox 147 431 258 495; x_wconf 80' lang='lat' dir='ltr'><strong>Cap.</strong></span> <span class='ocrx_word' id='word_1_28' title='bbox 293 431 426 479; x_wconf 67' lang='lat' dir='ltr'><strong>VIII.</strong></span> <span class='ocrx_word' id='word_1_29' title='bbox 495 435 595 478; x_wconf 65' lang='lat' dir='ltr'><strong><em>Ae).</em></strong></span> <span class='ocrx_word' id='word_1_30' title='bbox 672 435 725 476; x_wconf 83' lang='grc' dir='ltr'><strong><em>Τι’</em></strong></span> <span class='ocrx_word' id='word_1_31' title='bbox 760 426 867 484; x_wconf 76' lang='grc' dir='ltr'><strong><em>οὗνς</em></strong></span> <span class='ocrx_word' id='word_1_32' title='bbox 900 439 994 482; x_wconf 84' lang='grc' dir='ltr'><strong><em>τοῖς</em></strong></span> <span class='ocrx_word' id='word_1_33' title='bbox 1026 431 1290 487; x_wconf 72' lang='grc' dir='ltr'><strong><em>ἔμπροσθεν</em></strong></span> <span class='ocrx_word' id='word_1_34' title='bbox 1325 426 1398 473; x_wconf 83' lang='grc' dir='ltr'><strong><em>λό-</em></strong></span> 
     </span>
     <span class='ocr_line' id='line_1_6' title="bbox 46 496 1400 559; baseline -0.004 -14"><span class='ocrx_word' id='word_1_35' title='bbox 46 519 140 556; x_wconf 77' lang='grc' dir='ltr'><strong><em>γοις</em></strong></span> <span class='ocrx_word' id='word_1_36' title='bbox 183 500 471 559; x_wconf 82' lang='grc' dir='ltr'><strong><em>πιστεύομεν,</em></strong></span> <span class='ocrx_word' id='word_1_37' title='bbox 509 506 556 544; x_wconf 79' lang='grc' dir='ltr'><strong><em>ἐν</em></strong></span> <span class='ocrx_word' id='word_1_38' title='bbox 606 499 670 550; x_wconf 78' lang='grc' dir='ltr'><strong><em>οἷς</em></strong></span> <span class='ocrx_word' id='word_1_39' title='bbox 705 503 928 555; x_wconf 74' lang='grc' dir='ltr'><strong><em>ἐλέγομεν,</em></strong></span> <span class='ocrx_word' id='word_1_40' title='bbox 962 497 1021 548; x_wconf 82' lang='grc' dir='ltr'><strong><em>ὡς</em></strong></span> <span class='ocrx_word' id='word_1_41' title='bbox 1055 496 1112 540; x_wconf 81' lang='grc' dir='ltr'><strong><em>τὰ</em></strong></span> <span class='ocrx_word' id='word_1_42' title='bbox 1159 500 1255 552; x_wconf 81' lang='grc' dir='ltr'><strong><em>περὶ</em></strong></span> <span class='ocrx_word' id='word_1_43' title='bbox 1293 497 1400 548; x_wconf 79' lang='grc' dir='ltr'><strong><em>τοὺς</em></strong></span> 
     </span>
     <span class='ocr_line' id='line_1_7' title="bbox 45 564 1397 626; baseline -0.002 -15"><span class='ocrx_word' id='word_1_44' title='bbox 45 567 254 626; x_wconf 67' lang='grc' dir='ltr'><strong><em>ῥυθμοὺς</em></strong></span> <span class='ocrx_word' id='word_1_45' title='bbox 286 573 359 612; x_wconf 83' lang='grc' dir='ltr'><strong><em>καὶ</em></strong></span> <span class='ocrx_word' id='word_1_46' title='bbox 397 571 547 612; x_wconf 81' lang='grc' dir='ltr'><strong><em>πᾶσαν</em></strong></span> <span class='ocrx_word' id='word_1_47' title='bbox 581 567 799 623; x_wconf 81' lang='grc' dir='ltr'><strong><em>μουσικήν</em></strong></span> <span class='ocrx_word' id='word_1_48' title='bbox 834 572 922 609; x_wconf 78' lang='grc' dir='ltr'><strong><em>ἐστι</em></strong></span> <span class='ocrx_word' id='word_1_49' title='bbox 960 565 1137 621; x_wconf 74' lang='grc' dir='ltr'><strong><em>τρόπων</em></strong></span> <span class='ocrx_word' id='word_1_50' title='bbox 1163 564 1397 622; x_wconf 81' lang='grc' dir='ltr'><strong><em>μιμήματα</em></strong></span> 
     </span>
     <span class='ocr_line' id='line_1_8' title="bbox 44 631 1178 693; baseline -0.004 -15"><span class='ocrx_word' id='word_1_51' title='bbox 44 636 284 690; x_wconf 69' lang='grc' dir='ltr'><strong><em>βελτιόνων</em></strong></span> <span class='ocrx_word' id='word_1_52' title='bbox 320 641 391 680; x_wconf 72' lang='grc' dir='ltr'><strong><em>καὶ</em></strong></span> <span class='ocrx_word' id='word_1_53' title='bbox 424 636 640 693; x_wconf 81' lang='grc' dir='ltr'><strong><em>χειρόνων</em></strong></span> <span class='ocrx_word' id='word_1_54' title='bbox 677 635 964 690; x_wconf 68' lang='grc' dir='ltr'><strong><em>ἀνθρώπωνς</em></strong></span> <span class='ocrx_word' id='word_1_55' title='bbox 1001 631 1026 685; x_wconf 82' lang='grc' dir='ltr'><em>ἢ</em></span> <span class='ocrx_word' id='word_1_56' title='bbox 1064 635 1178 684; x_wconf 68' lang='lat'><strong><em>5:039,-</em></strong></span> 
     </span>
    </p>

    <p class='ocr_par' dir='ltr' id='par_1_4' title="bbox 47 716 1400 844">
     <span class='ocr_line' id='line_1_9' title="bbox 152 716 1400 776; baseline -0.003 -12"><span class='ocrx_word' id='word_1_57' title='bbox 152 723 252 765; x_wconf 79' lang='grc' dir='ltr'><strong><em>ΚΛ.</em></strong></span> <span class='ocrx_word' id='word_1_58' title='bbox 326 720 541 776; x_wconf 78' lang='grc' dir='ltr'><strong><em>Οὐδαμῶς</em></strong></span> <span class='ocrx_word' id='word_1_59' title='bbox 594 718 737 770; x_wconf 79' lang='grc' dir='ltr'><strong><em>ἄλλως</em></strong></span> <span class='ocrx_word' id='word_1_60' title='bbox 798 736 888 768; x_wconf 85' lang='grc' dir='ltr'><strong><em>πως</em></strong></span> <span class='ocrx_word' id='word_1_61' title='bbox 943 717 992 760; x_wconf 84' lang='grc' dir='ltr'><strong><em>τό</em></strong></span> <span class='ocrx_word' id='word_1_62' title='bbox 1046 734 1092 769; x_wconf 73' lang='grc' dir='ltr'><strong><em>γε</em></strong></span> <span class='ocrx_word' id='word_1_63' title='bbox 1145 716 1242 772; x_wconf 79' lang='grc' dir='ltr'><strong><em>παρ’</em></strong></span> <span class='ocrx_word' id='word_1_64' title='bbox 1293 716 1400 772; x_wconf 81' lang='grc' dir='ltr'><strong><em>ἡμῖν</em></strong></span> 
     </span>
     <span class='ocr_line' id='line_1_10' title="bbox 47 786 535 844; baseline -0.002 -13"><span class='ocrx_word' id='word_1_65' title='bbox 47 787 189 844; x_wconf 72' lang='grc' dir='ltr'><strong><em>δόγμα</em></strong></span> <span class='ocrx_word' id='word_1_66' title='bbox 225 794 328 844; x_wconf 81' lang='grc' dir='ltr'><strong><em>ἕχον</em></strong></span> <span class='ocrx_word' id='word_1_67' title='bbox 362 786 420 830; x_wconf 73' lang='grc' dir='ltr'><strong><em>ἄν</em></strong></span> <span class='ocrx_word' id='word_1_68' title='bbox 458 787 535 840; x_wconf 79' lang='grc' dir='ltr'><strong><em>εἴη.</em></strong></span> 
     </span>
    </p>

    <p class='ocr_par' dir='ltr' id='par_1_5' title="bbox 41 869 1400 1194">
     <span class='ocr_line' id='line_1_11' title="bbox 147 869 1398 929; baseline -0.002 -14"><span class='ocrx_word' id='word_1_69' title='bbox 147 874 244 916; x_wconf 79' lang='grc' dir='ltr'><strong><em>ΑΘ.</em></strong></span> <span class='ocrx_word' id='word_1_70' title='bbox 318 872 520 922; x_wconf 82' lang='grc' dir='ltr'><strong><em>Οὐκοῦν,</em></strong></span> <span class='ocrx_word' id='word_1_71' title='bbox 563 876 730 929; x_wconf 75' lang='grc' dir='ltr'><strong><em>ᾳαμὲν,</em></strong></span> <span class='ocrx_word' id='word_1_72' title='bbox 766 869 951 912; x_wconf 78' lang='grc' dir='ltr'><strong><em>ἅπασαν</em></strong></span> <span class='ocrx_word' id='word_1_73' title='bbox 993 886 1273 925; x_wconf 83' lang='grc' dir='ltr'><strong><em>μηχανητεον</em></strong></span> <span class='ocrx_word' id='word_1_74' title='bbox 1316 887 1398 925; x_wconf 88' lang='grc' dir='ltr'><strong><em>μη-</em></strong></span> 
     </span>
     <span class='ocr_line' id='line_1_12' title="bbox 41 938 1400 1014; baseline -0.001 -32"><span class='ocrx_word' id='word_1_75' title='bbox 41 957 207 995; x_wconf 81' lang='grc' dir='ltr'><strong><em>χανην,</em></strong></span> <span class='ocrx_word' id='word_1_76' title='bbox 249 938 369 991; x_wconf 80' lang='grc' dir='ltr'><strong><em>ὅπως</em></strong></span> <span class='ocrx_word' id='word_1_77' title='bbox 411 938 470 983; x_wconf 77' lang='grc' dir='ltr'><strong><em>ἂν</em></strong></span> <span class='ocrx_word' id='word_1_78' title='bbox 518 939 623 994; x_wconf 82' lang='grc' dir='ltr'><strong><em>ἡμῖν</em></strong></span> <span class='ocrx_word' id='word_1_79' title='bbox 680 943 722 982; x_wconf 85' lang='grc' dir='ltr'><strong><em>οἱ</em></strong></span> <span class='ocrx_word' id='word_1_80' title='bbox 769 943 921 988; x_wconf 77' lang='grc' dir='ltr'><strong><em>παῖόες</em></strong></span> <span class='ocrx_word' id='word_1_81' title='bbox 961 954 1071 1014; x_wconf 57' lang='lat' dir='ltr'><strong>apte</strong></span> <span class='ocrx_word' id='word_1_82' title='bbox 1118 939 1400 994; x_wconf 72' lang='grc' dir='ltr'><strong><em>ἐπιθυμῶσιν</em></strong></span> 
     </span>
     <span class='ocr_line' id='line_1_13' title="bbox 42 1002 1396 1063; baseline -0.001 -13"><span class='ocrx_word' id='word_1_83' title='bbox 42 1008 189 1050; x_wconf 75' lang='grc' dir='ltr'><strong><em>ἄλλων</em></strong></span> <span class='ocrx_word' id='word_1_84' title='bbox 234 1007 500 1063; x_wconf 78' lang='grc' dir='ltr'><strong><em>μιμημάτων</em></strong></span> <span class='ocrx_word' id='word_1_85' title='bbox 543 1006 777 1050; x_wconf 74' lang='grc' dir='ltr'><strong><em>ἅπτεσθαι</em></strong></span> <span class='ocrx_word' id='word_1_86' title='bbox 828 1004 942 1048; x_wconf 82' lang='grc' dir='ltr'><strong><em>κατὰ</em></strong></span> <span class='ocrx_word' id='word_1_87' title='bbox 981 1003 1184 1060; x_wconf 79' lang='grc' dir='ltr'><strong><em>ὀρχήσεις</em></strong></span> <span class='ocrx_word' id='word_1_88' title='bbox 1220 1002 1246 1058; x_wconf 84' lang='grc' dir='ltr'><em>ἢ</em></span> <span class='ocrx_word' id='word_1_89' title='bbox 1282 1005 1396 1049; x_wconf 80' lang='grc' dir='ltr'><strong><em>κατὰ</em></strong></span> 
     </span>
     <span class='ocr_line' id='line_1_14' title="bbox 43 1074 1400 1134; baseline 0 -18"><span class='ocrx_word' id='word_1_90' title='bbox 43 1077 270 1129; x_wconf 76' lang='grc' dir='ltr'><strong><em>μελιοὸίας,</em></strong></span> <span class='ocrx_word' id='word_1_91' title='bbox 304 1076 413 1131; x_wconf 81' lang='grc' dir='ltr'><strong><em>μήτε</em></strong></span> <span class='ocrx_word' id='word_1_92' title='bbox 451 1092 515 1125; x_wconf 88' lang='grc' dir='ltr'><strong><em>τις</em></strong></span> <span class='ocrx_word' id='word_1_93' title='bbox 549 1074 714 1124; x_wconf 79' lang='grc' dir='ltr'><strong><em>αὐτοὺς</em></strong></span> <span class='ocrx_word' id='word_1_94' title='bbox 751 1079 874 1134; x_wconf 70' lang='grc' dir='ltr'><strong><em>πείσῃ</em></strong></span> <span class='ocrx_word' id='word_1_95' title='bbox 911 1090 1146 1128; x_wconf 78' lang='grc' dir='ltr'><strong><em>προςαγων</em></strong></span> <span class='ocrx_word' id='word_1_96' title='bbox 1180 1078 1400 1124; x_wconf 79' lang='grc' dir='ltr'><strong><em>παντοίας</em></strong></span> 
     </span>
     <span class='ocr_line' id='line_1_15' title="bbox 47 1142 237 1194; baseline 0 -10"><span class='ocrx_word' id='word_1_97' title='bbox 47 1142 237 1194; x_wconf 67' lang='grc' dir='ltr'><strong><em>ἡδονάς-ς</em></strong></span> 
     </span>
    </p>

    <p class='ocr_par' dir='ltr' id='par_1_6' title="bbox 150 1209 759 1272">
     <span class='ocr_line' id='line_1_16' title="bbox 150 1209 759 1272; baseline -0.002 -20"><span class='ocrx_word' id='word_1_98' title='bbox 150 1211 253 1253; x_wconf 93' lang='grc' dir='ltr'><strong><em>ΚΛ.</em></strong></span> <span class='ocrx_word' id='word_1_99' title='bbox 318 1209 579 1272; x_wconf 76' lang='grc' dir='ltr'><strong><em>Ὀρθότατα</em></strong></span> <span class='ocrx_word' id='word_1_100' title='bbox 614 1211 759 1263; x_wconf 79' lang='grc' dir='ltr'><strong><em>λέγεις.</em></strong></span> 
     </span>
    </p>
   </div>
   <div class='ocr_carea' id='block_1_2' title="bbox 46 1286 1395 1418">
    <p class='ocr_par' dir='ltr' id='par_1_7' title="bbox 46 1286 1395 1418">
     <span class='ocr_line' id='line_1_17' title="bbox 147 1286 1395 1350; baseline 0 -12"><span class='ocrx_word' id='word_1_101' title='bbox 147 1294 246 1338; x_wconf 79' lang='grc' dir='ltr'><strong><em>ΑΘ.</em></strong></span> <span class='ocrx_word' id='word_1_102' title='bbox 303 1293 418 1350; x_wconf 83' lang='grc' dir='ltr'><strong><em>’Έχει</em></strong></span> <span class='ocrx_word' id='word_1_103' title='bbox 456 1310 520 1345; x_wconf 84' lang='grc' dir='ltr'><strong><em>τις</em></strong></span> <span class='ocrx_word' id='word_1_104' title='bbox 555 1286 636 1338; x_wconf 73' lang='grc' dir='ltr'><strong><em>οὖν</em></strong></span> <span class='ocrx_word' id='word_1_105' title='bbox 670 1291 795 1349; x_wconf 84' lang='grc' dir='ltr'><strong><em>ἡμῶν</em></strong></span> <span class='ocrx_word' id='word_1_106' title='bbox 830 1297 899 1337; x_wconf 77' lang='grc' dir='ltr'><strong><em>ἐπὶ</em></strong></span> <span class='ocrx_word' id='word_1_107' title='bbox 937 1293 991 1337; x_wconf 79' lang='grc' dir='ltr'><strong><em>τὰ</em></strong></span> <span class='ocrx_word' id='word_1_108' title='bbox 1028 1295 1217 1339; x_wconf 84' lang='grc' dir='ltr'><strong><em>τοιαῦτα</em></strong></span> <span class='ocrx_word' id='word_1_109' title='bbox 1239 1295 1395 1350; x_wconf 82' lang='grc' dir='ltr'><strong><em>βελτίω</em></strong></span> 
     </span>
     <span class='ocr_line' id='line_1_18' title="bbox 46 1360 897 1418; baseline 0.001 -15"><span class='ocrx_word' id='word_1_110' title='bbox 46 1360 144 1404; x_wconf 71' lang='grc' dir='ltr'><strong><em>τινὰ</em></strong></span> <span class='ocrx_word' id='word_1_111' title='bbox 184 1369 337 1418; x_wconf 75' lang='grc' dir='ltr'><strong><em>τεχνην</em></strong></span> <span class='ocrx_word' id='word_1_112' title='bbox 375 1363 453 1414; x_wconf 88' lang='grc' dir='ltr'><strong><em>τῆς</em></strong></span> <span class='ocrx_word' id='word_1_113' title='bbox 489 1362 577 1406; x_wconf 85' lang='grc' dir='ltr'><strong><em>τῶν</em></strong></span> <span class='ocrx_word' id='word_1_114' title='bbox 614 1363 897 1416; x_wconf 72' lang='grc' dir='ltr'><strong><em>Αὶγυπτίωνς</em></strong></span> 
     </span>
    </p>
   </div>
   <div class='ocr_carea' id='block_1_3' title="bbox 44 1499 1399 1596">
    <p class='ocr_par' dir='ltr' id='par_1_8' title="bbox 44 1499 1399 1596">
     <span class='ocr_line' id='line_1_19' title="bbox 134 1499 1399 1549; baseline 0.002 -13"><span class='ocrx_word' id='word_1_115' title='bbox 134 1504 180 1536; x_wconf 91' lang='lat' dir='ltr'><strong><em>D.</em></strong></span> <span class='ocrx_word' id='word_1_116' title='bbox 228 1504 271 1536; x_wconf 84' lang='grc' dir='ltr'><strong><em>ε”ν</em></strong></span> <span class='ocrx_word' id='word_1_117' title='bbox 298 1499 362 1536; x_wconf 76' lang='grc' dir='ltr'><strong><em>οἷς</em></strong></span> <span class='ocrx_word' id='word_1_118' title='bbox 386 1503 614 1547; x_wconf 75' lang='grc' dir='ltr'><strong><em>ἑλέγομενΙ</em></strong></span> <span class='ocrx_word' id='word_1_119' title='bbox 642 1503 680 1536; x_wconf 81' lang='grc' dir='ltr'><strong><em>ἐν</em></strong></span> <span class='ocrx_word' id='word_1_120' title='bbox 705 1515 772 1536; x_wconf 91' lang='lat' dir='ltr'><strong><em>om.</em></strong></span> <span class='ocrx_word' id='word_1_121' title='bbox 801 1508 840 1537; x_wconf 78' lang='grc' dir='ltr'><strong><em>Α.</em></strong></span> <span class='ocrx_word' id='word_1_122' title='bbox 866 1510 901 1538; x_wconf 89' lang='lat' dir='ltr'><strong><em>et</em></strong></span> <span class='ocrx_word' id='word_1_123' title='bbox 928 1517 1037 1549; x_wconf 81' lang='lat' dir='ltr'><strong>marg.</strong></span> <span class='ocrx_word' id='word_1_124' title='bbox 1067 1505 1106 1539; x_wconf 81' lang='grc' dir='ltr'><strong><em>Ω.</em></strong></span> <span class='ocrx_word' id='word_1_125' title='bbox 1140 1517 1171 1539; x_wconf 81' lang='lat' dir='ltr'><strong>a.</strong></span> <span class='ocrx_word' id='word_1_126' title='bbox 1206 1518 1235 1539; x_wconf 87' lang='lat' dir='ltr'><strong>e.</strong></span> <span class='ocrx_word' id='word_1_127' title='bbox 1284 1509 1399 1541; x_wconf 83' lang='lat' dir='ltr'><strong>Eiecit</strong></span> 
     </span>
     <span class='ocr_line' id='line_1_20' title="bbox 44 1551 1166 1596; baseline 0.004 -14"><span class='ocrx_word' id='word_1_128' title='bbox 44 1551 204 1583; x_wconf 80' lang='lat' dir='ltr'><strong>voculam</strong></span> <span class='ocrx_word' id='word_1_129' title='bbox 229 1551 427 1592; x_wconf 86' lang='lat' dir='ltr'><strong>Bekkerus,</strong></span> <span class='ocrx_word' id='word_1_130' title='bbox 452 1562 555 1594; x_wconf 88' lang='lat' dir='ltr'><strong>quem</strong></span> <span class='ocrx_word' id='word_1_131' title='bbox 580 1551 790 1583; x_wconf 78' lang='lat' dir='ltr'><strong>Turieenses</strong></span> <span class='ocrx_word' id='word_1_132' title='bbox 816 1553 938 1585; x_wconf 86' lang='lat' dir='ltr'><strong>ducem</strong></span> <span class='ocrx_word' id='word_1_133' title='bbox 963 1559 1166 1596; x_wconf 82' lang='lat' dir='ltr'><strong>sequnntur.</strong></span> 
     </span>
    </p>
   </div>
   <div class='ocr_carea' id='block_1_4' title="bbox 41 1671 686 2738">
    <p class='ocr_par' dir='ltr' id='par_1_9' title="bbox 41 1671 686 2272">
     <span class='ocr_line' id='line_1_21' title="bbox 45 1671 686 1716; baseline 0.003 -10"><span class='ocrx_word' id='word_1_134' title='bbox 45 1671 202 1706; x_wconf 62' lang='grc' dir='ltr'><strong><em>τούτους.</em></strong></span> <span class='ocrx_word' id='word_1_135' title='bbox 218 1673 300 1708; x_wconf 72' lang='grc' dir='ltr'><strong><em>τοὺς</em></strong></span> <span class='ocrx_word' id='word_1_136' title='bbox 325 1674 446 1707; x_wconf 75' lang='grc' dir='ltr'><strong><em>παῖδας</em></strong></span> <span class='ocrx_word' id='word_1_137' title='bbox 460 1674 601 1716; x_wconf 76' lang='grc' dir='ltr'><strong><em>ἑτέρους</em></strong></span> <span class='ocrx_word' id='word_1_138' title='bbox 619 1677 686 1708; x_wconf 82' lang='grc' dir='ltr'><strong><em>τῶν</em></strong></span> 
     </span>
     <span class='ocr_line' id='line_1_22' title="bbox 42 1720 684 1764; baseline 0.005 -12"><span class='ocrx_word' id='word_1_139' title='bbox 42 1720 243 1762; x_wconf 75' lang='grc' dir='ltr'><strong><em>ἔμπροσθεν</em></strong></span> <span class='ocrx_word' id='word_1_140' title='bbox 274 1720 406 1754; x_wconf 80' lang='grc' dir='ltr'><strong><em>παίδων</em></strong></span> <span class='ocrx_word' id='word_1_141' title='bbox 432 1721 596 1764; x_wconf 78' lang='grc' dir='ltr'><strong><em>γενέσθαι</em></strong></span> <span class='ocrx_word' id='word_1_142' title='bbox 627 1721 684 1755; x_wconf 82' lang='grc' dir='ltr'><strong><em>α”ν-</em></strong></span> 
     </span>
     <span class='ocr_line' id='line_1_23' title="bbox 43 1765 685 1812; baseline 0.003 -12"><span class='ocrx_word' id='word_1_143' title='bbox 43 1766 145 1809; x_wconf 77' lang='grc' dir='ltr'><strong><em>ὅρας,</em></strong></span> <span class='ocrx_word' id='word_1_144' title='bbox 173 1768 207 1800; x_wconf 88' lang='lat' dir='ltr'><strong>h.</strong></span> <span class='ocrx_word' id='word_1_145' title='bbox 235 1779 265 1800; x_wconf 90' lang='lat' dir='ltr'><strong>e.</strong></span> <span class='ocrx_word' id='word_1_146' title='bbox 291 1765 339 1800; x_wconf 71' lang='grc' dir='ltr'><strong><em>ὥς</em></strong></span> <span class='ocrx_word' id='word_1_147' title='bbox 363 1766 510 1810; x_wconf 73' lang='grc' dir='ltr'><strong><em>ἄνδρας,</em></strong></span> <span class='ocrx_word' id='word_1_148' title='bbox 534 1770 685 1812; x_wconf 88' lang='lat' dir='ltr'><strong>ideoque</strong></span> 
     </span>
     <span class='ocr_line' id='line_1_24' title="bbox 42 1815 684 1857; baseline 0.003 -11"><span class='ocrx_word' id='word_1_149' title='bbox 42 1815 94 1846; x_wconf 82' lang='lat' dir='ltr'><strong>sic</strong></span> <span class='ocrx_word' id='word_1_150' title='bbox 131 1815 387 1855; x_wconf 76' lang='lat' dir='ltr'><strong>interpreteris:</strong></span> <span class='ocrx_word' id='word_1_151' title='bbox 432 1825 515 1847; x_wconf 90' lang='lat' dir='ltr'><strong><em>non</em></strong></span> <span class='ocrx_word' id='word_1_152' title='bbox 562 1825 684 1857; x_wconf 83' lang='lat' dir='ltr'><strong>repu-</strong></span> 
     </span>
     <span class='ocr_line' id='line_1_25' title="bbox 43 1862 681 1902; baseline 0.003 -10"><span class='ocrx_word' id='word_1_153' title='bbox 43 1866 137 1892; x_wconf 76' lang='lat' dir='ltr'><strong>tant</strong></span> <span class='ocrx_word' id='word_1_154' title='bbox 161 1870 303 1892; x_wconf 82' lang='lat' dir='ltr'><strong>secum</strong></span> <span class='ocrx_word' id='word_1_155' title='bbox 331 1862 465 1902; x_wconf 78' lang='lat' dir='ltr'><strong>plane</strong></span> <span class='ocrx_word' id='word_1_156' title='bbox 497 1871 681 1894; x_wconf 86' lang='lat' dir='ltr'><strong>necesse</strong></span> 
     </span>
     <span class='ocr_line' id='line_1_26' title="bbox 44 1907 681 1948; baseline 0.003 -10"><span class='ocrx_word' id='word_1_157' title='bbox 44 1917 157 1946; x_wconf 84' lang='lat' dir='ltr'><strong>esse,</strong></span> <span class='ocrx_word' id='word_1_158' title='bbox 182 1911 228 1937; x_wconf 90' lang='lat' dir='ltr'><strong>ut</strong></span> <span class='ocrx_word' id='word_1_159' title='bbox 252 1908 376 1948; x_wconf 85' lang='lat' dir='ltr'><strong>pueri</strong></span> <span class='ocrx_word' id='word_1_160' title='bbox 407 1907 486 1938; x_wconf 86' lang='lat' dir='ltr'><strong>isti</strong></span> <span class='ocrx_word' id='word_1_161' title='bbox 511 1908 553 1939; x_wconf 87' lang='lat' dir='ltr'><strong>in</strong></span> <span class='ocrx_word' id='word_1_162' title='bbox 578 1908 681 1940; x_wconf 90' lang='lat' dir='ltr'><strong>lusi-</strong></span> 
     </span>
     <span class='ocr_line' id='line_1_27' title="bbox 43 1953 682 1985; baseline 0.003 -2"><span class='ocrx_word' id='word_1_163' title='bbox 43 1953 126 1985; x_wconf 88' lang='lat' dir='ltr'><strong><em>bus</em></strong></span> <span class='ocrx_word' id='word_1_164' title='bbox 162 1963 374 1985; x_wconf 79' lang='lat' dir='ltr'><strong>novarum</strong></span> <span class='ocrx_word' id='word_1_165' title='bbox 415 1963 560 1985; x_wconf 86' lang='lat' dir='ltr'><strong>rerum</strong></span> <span class='ocrx_word' id='word_1_166' title='bbox 596 1959 682 1985; x_wconf 87' lang='lat' dir='ltr'><strong>stu-</strong></span> 
     </span>
     <span class='ocr_line' id='line_1_28' title="bbox 42 1999 682 2041; baseline 0.003 -11"><span class='ocrx_word' id='word_1_167' title='bbox 42 1999 163 2031; x_wconf 87' lang='lat' dir='ltr'><strong>diosi</strong></span> <span class='ocrx_word' id='word_1_168' title='bbox 189 1999 435 2041; x_wconf 74' lang='lat' dir='ltr'><strong>aliquando</strong></span> <span class='ocrx_word' id='word_1_169' title='bbox 462 2001 545 2031; x_wconf 86' lang='lat' dir='ltr'><strong>viri</strong></span> <span class='ocrx_word' id='word_1_170' title='bbox 571 1999 682 2032; x_wconf 81' lang='lat' dir='ltr'><strong>facti</strong></span> 
     </span>
     <span class='ocr_line' id='line_1_29' title="bbox 41 2045 681 2088; baseline 0.003 -11"><span class='ocrx_word' id='word_1_171' title='bbox 41 2045 122 2077; x_wconf 81' lang='lat' dir='ltr'><strong>alii</strong></span> <span class='ocrx_word' id='word_1_172' title='bbox 149 2046 358 2086; x_wconf 82' lang='lat' dir='ltr'><strong>existant,</strong></span> <span class='ocrx_word' id='word_1_173' title='bbox 384 2055 505 2087; x_wconf 78' lang='lat' dir='ltr'><strong>quam</strong></span> <span class='ocrx_word' id='word_1_174' title='bbox 530 2047 681 2088; x_wconf 76' lang='lat' dir='ltr'><strong>quales</strong></span> 
     </span>
     <span class='ocr_line' id='line_1_30' title="bbox 42 2093 679 2134; baseline 0.003 -11"><span class='ocrx_word' id='word_1_175' title='bbox 42 2093 143 2124; x_wconf 88' lang='lat' dir='ltr'><strong>olim</strong></span> <span class='ocrx_word' id='word_1_176' title='bbox 178 2094 304 2134; x_wconf 88' lang='lat' dir='ltr'><strong>pueri</strong></span> <span class='ocrx_word' id='word_1_177' title='bbox 335 2093 620 2133; x_wconf 85' lang='lat' dir='ltr'><strong>exstiterint;</strong></span> <span class='ocrx_word' id='word_1_178' title='bbox 644 2093 679 2125; x_wconf 89' lang='lat' dir='ltr'><strong>h.</strong></span> 
     </span>
     <span class='ocr_line' id='line_1_31' title="bbox 42 2143 679 2181; baseline 0.002 -11"><span class='ocrx_word' id='word_1_179' title='bbox 42 2149 73 2170; x_wconf 84' lang='lat' dir='ltr'><strong>e.</strong></span> <span class='ocrx_word' id='word_1_180' title='bbox 110 2148 182 2170; x_wconf 90' lang='lat' dir='ltr'><strong><em>non</em></strong></span> <span class='ocrx_word' id='word_1_181' title='bbox 221 2143 404 2180; x_wconf 78' lang='lat' dir='ltr'><strong>reputant,</strong></span> <span class='ocrx_word' id='word_1_182' title='bbox 441 2148 570 2181; x_wconf 83' lang='lat' dir='ltr'><strong>pueros</strong></span> <span class='ocrx_word' id='word_1_183' title='bbox 611 2149 679 2171; x_wconf 91' lang='lat' dir='ltr'><strong><em>non</em></strong></span> 
     </span>
     <span class='ocr_line' id='line_1_32' title="bbox 43 2187 681 2227; baseline 0.003 -11"><span class='ocrx_word' id='word_1_184' title='bbox 43 2195 180 2226; x_wconf 82' lang='lat' dir='ltr'><strong>semper</strong></span> <span class='ocrx_word' id='word_1_185' title='bbox 207 2195 414 2226; x_wconf 79' lang='lat' dir='ltr'><strong>permanere</strong></span> <span class='ocrx_word' id='word_1_186' title='bbox 443 2195 588 2227; x_wconf 87' lang='lat' dir='ltr'><strong>pueros,</strong></span> <span class='ocrx_word' id='word_1_187' title='bbox 619 2187 681 2218; x_wconf 86' lang='lat' dir='ltr'><strong><em>sed</em></strong></span> 
     </span>
     <span class='ocr_line' id='line_1_33' title="bbox 41 2231 534 2272; baseline -0.002 -8"><span class='ocrx_word' id='word_1_188' title='bbox 41 2231 233 2272; x_wconf 81' lang='lat' dir='ltr'><strong>aliquando</strong></span> <span class='ocrx_word' id='word_1_189' title='bbox 257 2232 347 2264; x_wconf 82' lang='lat' dir='ltr'><strong>alios</strong></span> <span class='ocrx_word' id='word_1_190' title='bbox 372 2231 534 2264; x_wconf 82' lang='lat' dir='ltr'><strong>existere.</strong></span> 
     </span>
    </p>

    <p class='ocr_par' dir='ltr' id='par_1_10' title="bbox 41 2273 683 2738">
     <span class='ocr_line' id='line_1_34' title="bbox 88 2273 679 2320; baseline 0 -11"><span class='ocrx_word' id='word_1_191' title='bbox 88 2273 142 2309; x_wconf 75' lang='grc' dir='ltr'><strong><em>ὥς</em></strong></span> <span class='ocrx_word' id='word_1_192' title='bbox 166 2274 351 2319; x_wconf 75' lang='grc' dir='ltr'><strong><em>ἥξοντος</em></strong></span> <span class='ocrx_word' id='word_1_193' title='bbox 379 2297 419 2301; x_wconf 84' lang='grc'><strong>-</strong></span> <span class='ocrx_word' id='word_1_194' title='bbox 443 2277 679 2320; x_wconf 65' lang='grc' dir='ltr'><strong><em>φοβεῖται]</em></strong></span> 
     </span>
     <span class='ocr_line' id='line_1_35' title="bbox 41 2323 682 2366; baseline 0.002 -11"><span class='ocrx_word' id='word_1_195' title='bbox 41 2324 84 2355; x_wconf 92' lang='lat' dir='ltr'><strong><em>In</em></strong></span> <span class='ocrx_word' id='word_1_196' title='bbox 119 2323 176 2356; x_wconf 77' lang='lat' dir='ltr'><strong><em>his</em></strong></span> <span class='ocrx_word' id='word_1_197' title='bbox 212 2325 378 2366; x_wconf 81' lang='lat' dir='ltr'><strong>quoniam</strong></span> <span class='ocrx_word' id='word_1_198' title='bbox 416 2325 576 2366; x_wconf 84' lang='grc' dir='ltr'><strong><em>φοβεῖται</em></strong></span> <span class='ocrx_word' id='word_1_199' title='bbox 606 2324 682 2356; x_wconf 85' lang='lat' dir='ltr'><strong>fere</strong></span> 
     </span>
     <span class='ocr_line' id='line_1_36' title="bbox 41 2370 681 2413; baseline 0.003 -12"><span class='ocrx_word' id='word_1_200' title='bbox 41 2370 135 2402; x_wconf 83' lang='lat' dir='ltr'><strong>idem</strong></span> <span class='ocrx_word' id='word_1_201' title='bbox 174 2377 227 2405; x_wconf 81' lang='lat' dir='ltr'><strong><em>est</em></strong></span> <span class='ocrx_word' id='word_1_202' title='bbox 270 2372 364 2413; x_wconf 86' lang='lat' dir='ltr'><strong>quod</strong></span> <span class='ocrx_word' id='word_1_203' title='bbox 410 2372 681 2413; x_wconf 83' lang='lat' dir='ltr'><strong>suspicatur,</strong></span> 
     </span>
     <span class='ocr_line' id='line_1_37' title="bbox 45 2414 682 2460; baseline 0.002 -13"><span class='ocrx_word' id='word_1_204' title='bbox 45 2416 275 2457; x_wconf 78' lang='lat' dir='ltr'><strong>opinatur,</strong></span> <span class='ocrx_word' id='word_1_205' title='bbox 312 2418 421 2450; x_wconf 79' lang='lat' dir='ltr'><strong>verba</strong></span> <span class='ocrx_word' id='word_1_206' title='bbox 451 2415 499 2450; x_wconf 75' lang='lat' dir='ltr'><strong><em>ais</em></strong></span> <span class='ocrx_word' id='word_1_207' title='bbox 536 2414 682 2460; x_wconf 75' lang='grc' dir='ltr'><strong><em>ἥξοντος</em></strong></span> 
     </span>
     <span class='ocr_line' id='line_1_38' title="bbox 42 2463 681 2506; baseline 0.005 -13"><span class='ocrx_word' id='word_1_208' title='bbox 42 2480 88 2486; x_wconf 92' lang='lat'><strong><em>--</em></strong></span> <span class='ocrx_word' id='word_1_209' title='bbox 113 2463 233 2501; x_wconf 78' lang='grc' dir='ltr'><strong><em>κακοῦ,</em></strong></span> <span class='ocrx_word' id='word_1_210' title='bbox 254 2464 357 2496; x_wconf 82' lang='lat' dir='ltr'><strong>sicuti</strong></span> <span class='ocrx_word' id='word_1_211' title='bbox 381 2469 463 2506; x_wconf 88' lang='lat' dir='ltr'><strong>post</strong></span> <span class='ocrx_word' id='word_1_212' title='bbox 487 2464 597 2496; x_wconf 83' lang='lat' dir='ltr'><strong>verba</strong></span> <span class='ocrx_word' id='word_1_213' title='bbox 618 2474 681 2505; x_wconf 88' lang='lat' dir='ltr'><strong><em>pu-</em></strong></span> 
     </span>
     <span class='ocr_line' id='line_1_39' title="bbox 43 2508 683 2551; baseline 0.005 -12"><span class='ocrx_word' id='word_1_214' title='bbox 43 2508 159 2547; x_wconf 77' lang='lat' dir='ltr'><strong>tandi,</strong></span> <span class='ocrx_word' id='word_1_215' title='bbox 183 2510 427 2551; x_wconf 79' lang='lat' dir='ltr'><strong>existimandi,</strong></span> <span class='ocrx_word' id='word_1_216' title='bbox 451 2511 524 2543; x_wconf 80' lang='lat' dir='ltr'><strong>alia</strong></span> <span class='ocrx_word' id='word_1_217' title='bbox 553 2511 683 2542; x_wconf 81' lang='lat' dir='ltr'><strong>similia</strong></span> 
     </span>
     <span class='ocr_line' id='line_1_40' title="bbox 43 2555 681 2599; baseline 0.003 -13"><span class='ocrx_word' id='word_1_218' title='bbox 43 2555 119 2586; x_wconf 85' lang='lat' dir='ltr'><strong>fieri</strong></span> <span class='ocrx_word' id='word_1_219' title='bbox 148 2555 256 2599; x_wconf 60' lang='lat' dir='ltr'><strong>splot,</strong></span> <span class='ocrx_word' id='word_1_220' title='bbox 278 2565 342 2596; x_wconf 85' lang='lat' dir='ltr'><strong><em>pro</em></strong></span> <span class='ocrx_word' id='word_1_221' title='bbox 374 2558 576 2590; x_wconf 74' lang='lat' dir='ltr'><strong>accusativo</strong></span> <span class='ocrx_word' id='word_1_222' title='bbox 604 2568 681 2589; x_wconf 87' lang='lat' dir='ltr'><strong><em>cum</em></strong></span> 
     </span>
     <span class='ocr_line' id='line_1_41' title="bbox 42 2601 681 2643; baseline 0.006 -12"><span class='ocrx_word' id='word_1_223' title='bbox 42 2601 219 2634; x_wconf 79' lang='lat' dir='ltr'><strong>infinitivo</strong></span> <span class='ocrx_word' id='word_1_224' title='bbox 258 2603 376 2643; x_wconf 75' lang='lat' dir='ltr'><strong>posita</strong></span> <span class='ocrx_word' id='word_1_225' title='bbox 417 2609 510 2636; x_wconf 77' lang='lat' dir='ltr'><strong>sunt.</strong></span> <span class='ocrx_word' id='word_1_226' title='bbox 570 2603 681 2636; x_wconf 83' lang='lat' dir='ltr'><strong>Cuius</strong></span> 
     </span>
     <span class='ocr_line' id='line_1_42' title="bbox 44 2648 681 2690; baseline 0.008 -12"><span class='ocrx_word' id='word_1_227' title='bbox 44 2648 182 2686; x_wconf 78' lang='lat' dir='ltr'><strong>generis</strong></span> <span class='ocrx_word' id='word_1_228' title='bbox 230 2649 390 2690; x_wconf 75' lang='lat' dir='ltr'><strong>exempla</strong></span> <span class='ocrx_word' id='word_1_229' title='bbox 434 2650 523 2682; x_wconf 84' lang='lat' dir='ltr'><strong>bene</strong></span> <span class='ocrx_word' id='word_1_230' title='bbox 571 2650 681 2683; x_wconf 81' lang='lat' dir='ltr'><strong>multa</strong></span> 
     </span>
     <span class='ocr_line' id='line_1_43' title="bbox 44 2692 680 2738; baseline 0.006 -16"><span class='ocrx_word' id='word_1_231' title='bbox 44 2692 187 2734; x_wconf 64' lang='lat' dir='ltr'><strong>collegit</strong></span> <span class='ocrx_word' id='word_1_232' title='bbox 201 2693 415 2727; x_wconf 79' lang='lat' dir='ltr'><strong>industriaA</strong></span> <span class='ocrx_word' id='word_1_233' title='bbox 425 2697 500 2728; x_wconf 82' lang='lat' dir='ltr'><strong>stii</strong></span> <span class='ocrx_word' id='word_1_234' title='bbox 515 2696 680 2738; x_wconf 81' lang='lat' dir='ltr'><strong>adLegg.</strong></span> 
     </span>
    </p>
   </div>
   <div class='ocr_carea' id='block_1_5' title="bbox 92 2750 645 2793">
    <p class='ocr_par' dir='ltr' id='par_1_11' title="bbox 92 2750 645 2793">
     <span class='ocr_line' id='line_1_44' title="bbox 92 2750 645 2793; baseline 0.004 -11"><span class='ocrx_word' id='word_1_235' title='bbox 92 2750 178 2783; x_wconf 79' lang='lat' dir='ltr'><strong>Plat.</strong></span> <span class='ocrx_word' id='word_1_236' title='bbox 205 2750 269 2793; x_wconf 87' lang='lat' dir='ltr'><strong><em>Op.</em></strong></span> <span class='ocrx_word' id='word_1_237' title='bbox 298 2752 375 2784; x_wconf 80' lang='lat' dir='ltr'><strong>Vol.</strong></span> <span class='ocrx_word' id='word_1_238' title='bbox 403 2753 447 2787; x_wconf 86' lang='lat' dir='ltr'><strong>X.</strong></span> <span class='ocrx_word' id='word_1_239' title='bbox 475 2753 568 2789; x_wconf 82' lang='lat' dir='ltr'><strong>Sect,</strong></span> <span class='ocrx_word' id='word_1_240' title='bbox 596 2754 645 2785; x_wconf 87' lang='grc' dir='ltr'><strong><em>ΙΙ.</em></strong></span> 
     </span>
    </p>
   </div>
   <div class='ocr_carea' id='block_1_6' title="bbox 749 1676 1398 2695">
    <p class='ocr_par' dir='ltr' id='par_1_12' title="bbox 752 1676 1398 1812">
     <span class='ocr_line' id='line_1_45' title="bbox 753 1676 1397 1720; baseline 0.006 -12"><span class='ocrx_word' id='word_1_241' title='bbox 753 1677 781 1709; x_wconf 91' lang='grc' dir='ltr'><strong><em>Ι.</em></strong></span> <span class='ocrx_word' id='word_1_242' title='bbox 808 1676 840 1710; x_wconf 92' lang='lat'><strong>1.</strong></span> <span class='ocrx_word' id='word_1_243' title='bbox 866 1688 899 1719; x_wconf 89' lang='lat' dir='ltr'><strong><em>p.</em></strong></span> <span class='ocrx_word' id='word_1_244' title='bbox 928 1677 959 1712; x_wconf 81' lang='lat'><strong>7.</strong></span> <span class='ocrx_word' id='word_1_245' title='bbox 986 1682 1020 1711; x_wconf 87' lang='lat' dir='ltr'><strong><em>et</em></strong></span> <span class='ocrx_word' id='word_1_246' title='bbox 1044 1677 1144 1720; x_wconf 88' lang='lat' dir='ltr'><strong>Reip.</strong></span> <span class='ocrx_word' id='word_1_247' title='bbox 1172 1678 1200 1710; x_wconf 94' lang='lat'><strong>1.</strong></span> <span class='ocrx_word' id='word_1_248' title='bbox 1230 1679 1262 1713; x_wconf 92' lang='lat'><strong>1.</strong></span> <span class='ocrx_word' id='word_1_249' title='bbox 1311 1679 1397 1712; x_wconf 78' lang='lat' dir='ltr'><strong>Alia</strong></span> 
     </span>
     <span class='ocr_line' id='line_1_46' title="bbox 752 1724 1398 1765; baseline 0.006 -10"><span class='ocrx_word' id='word_1_250' title='bbox 752 1724 993 1765; x_wconf 83' lang='lat' dir='ltr'><strong>suppeditabit</strong></span> <span class='ocrx_word' id='word_1_251' title='bbox 1004 1725 1102 1757; x_wconf 84' lang='lat' dir='ltr'><strong>desid</strong></span> <span class='ocrx_word' id='word_1_252' title='bbox 1108 1726 1398 1759; x_wconf 76' lang='lat' dir='ltr'><strong>erantibusMat-</strong></span> 
     </span>
     <span class='ocr_line' id='line_1_47' title="bbox 752 1769 1123 1812; baseline 0.014 -11"><span class='ocrx_word' id='word_1_253' title='bbox 752 1771 873 1803; x_wconf 83' lang='lat' dir='ltr'><strong>thiae</strong></span> <span class='ocrx_word' id='word_1_254' title='bbox 898 1769 960 1803; x_wconf 89' lang='lat' dir='ltr'><strong><em>Gr.</em></strong></span> <span class='ocrx_word' id='word_1_255' title='bbox 987 1771 1017 1812; x_wconf 69' lang='grc' dir='ltr'><strong><em>ξ.</em></strong></span> <span class='ocrx_word' id='word_1_256' title='bbox 1042 1771 1123 1806; x_wconf 84' lang='grc'>569-</span> 
     </span>
    </p>

    <p class='ocr_par' dir='ltr' id='par_1_13' title="bbox 749 1814 1398 2032">
     <span class='ocr_line' id='line_1_48' title="bbox 797 1814 1397 1859; baseline 0.002 -11"><span class='ocrx_word' id='word_1_257' title='bbox 797 1817 842 1848; x_wconf 90' lang='lat' dir='ltr'><strong><em>D.</em></strong></span> <span class='ocrx_word' id='word_1_258' title='bbox 879 1814 981 1848; x_wconf 81' lang='grc' dir='ltr'><strong><em>ἅλλα</em></strong></span> <span class='ocrx_word' id='word_1_259' title='bbox 1005 1815 1167 1849; x_wconf 79' lang='grc' dir='ltr'><strong><em>ἐλάττω</em></strong></span> <span class='ocrx_word' id='word_1_260' title='bbox 1191 1817 1397 1859; x_wconf 74' lang='grc' dir='ltr'><strong><em>μεταβαλ·</em></strong></span> 
     </span>
     <span class='ocr_line' id='line_1_49' title="bbox 753 1859 1398 1917; baseline 0.006 -24"><span class='ocrx_word' id='word_1_261' title='bbox 753 1859 912 1902; x_wconf 84' lang='grc' dir='ltr'><strong><em>λόμενα</em></strong></span> <span class='ocrx_word' id='word_1_262' title='bbox 938 1861 1051 1895; x_wconf 79' lang='grc' dir='ltr'><strong><em>κακὰ</em></strong></span> <span class='ocrx_word' id='word_1_263' title='bbox 1072 1862 1273 1918; x_wconf 73' lang='lat' dir='ltr'><strong>3.]1nngas</strong></span> <span class='ocrx_word' id='word_1_264' title='bbox 1290 1864 1398 1897; x_wconf 79' lang='lat' dir='ltr'><strong>verba</strong></span> 
     </span>
     <span class='ocr_line' id='line_1_50' title="bbox 750 1906 1396 1950; baseline 0.005 -11"><span class='ocrx_word' id='word_1_265' title='bbox 750 1909 819 1941; x_wconf 85' lang='lat' dir='ltr'><strong>sic.</strong></span> <span class='ocrx_word' id='word_1_266' title='bbox 838 1906 1075 1950; x_wconf 79' lang='grc' dir='ltr'><strong><em>διεξεργάζοιτ’</em></strong></span> <span class='ocrx_word' id='word_1_267' title='bbox 1091 1907 1136 1940; x_wconf 77' lang='grc' dir='ltr'><strong><em>ἄν</em></strong></span> <span class='ocrx_word' id='word_1_268' title='bbox 1160 1907 1246 1942; x_wconf 81' lang='grc' dir='ltr'><strong><em>κακὰ</em></strong></span> <span class='ocrx_word' id='word_1_269' title='bbox 1272 1908 1396 1942; x_wconf 81' lang='grc' dir='ltr'><strong><em>ἐλάττω</em></strong></span> 
     </span>
     <span class='ocr_line' id='line_1_51' title="bbox 749 1954 1393 1998; baseline 0.005 -13"><span class='ocrx_word' id='word_1_270' title='bbox 749 1954 1037 1995; x_wconf 79' lang='grc' dir='ltr'><strong><em>μεταβαλλόμενα,</em></strong></span> <span class='ocrx_word' id='word_1_271' title='bbox 1061 1956 1096 1988; x_wconf 88' lang='lat' dir='ltr'><strong>h.</strong></span> <span class='ocrx_word' id='word_1_272' title='bbox 1123 1966 1152 1988; x_wconf 89' lang='lat' dir='ltr'><strong>e.</strong></span> <span class='ocrx_word' id='word_1_273' title='bbox 1176 1955 1209 1987; x_wconf 82' lang='grc' dir='ltr'><strong><em>εἰ</em></strong></span> <span class='ocrx_word' id='word_1_274' title='bbox 1229 1955 1393 1998; x_wconf 81' lang='grc' dir='ltr'><strong><em>μεταβάλ-</em></strong></span> 
     </span>
     <span class='ocr_line' id='line_1_52' title="bbox 750 2001 856 2032; baseline 0.009 -1"><span class='ocrx_word' id='word_1_275' title='bbox 750 2001 856 2032; x_wconf 58' lang='lat' dir='ltr'><strong>locro.</strong></span> 
     </span>
    </p>

    <p class='ocr_par' dir='ltr' id='par_1_14' title="bbox 750 2043 1395 2369">
     <span class='ocr_line' id='line_1_53' title="bbox 796 2043 1395 2090; baseline 0.005 -12"><span class='ocrx_word' id='word_1_276' title='bbox 796 2043 879 2078; x_wconf 83' lang='grc' dir='ltr'><strong><em>ὅσα</em></strong></span> <span class='ocrx_word' id='word_1_277' title='bbox 904 2044 1000 2088; x_wconf 59' lang='lat' dir='ltr'><strong>ssepi</strong></span> <span class='ocrx_word' id='word_1_278' title='bbox 1027 2046 1220 2090; x_wconf 83' lang='grc' dir='ltr'><strong><em>σχήματα</em></strong></span> <span class='ocrx_word' id='word_1_279' title='bbox 1236 2047 1395 2090; x_wconf 80' lang='grc' dir='ltr'><strong><em>π.]8οι·ἰ-</em></strong></span> 
     </span>
     <span class='ocr_line' id='line_1_54' title="bbox 751 2091 1394 2137; baseline 0.002 -12"><span class='ocrx_word' id='word_1_280' title='bbox 751 2094 902 2126; x_wconf 90' lang='lat' dir='ltr'><strong>bendum</strong></span> <span class='ocrx_word' id='word_1_281' title='bbox 937 2104 1061 2127; x_wconf 85' lang='lat' dir='ltr'><strong>eenseo</strong></span> <span class='ocrx_word' id='word_1_282' title='bbox 1089 2091 1186 2126; x_wconf 89' lang='grc' dir='ltr'><strong><em>οἷον</em></strong></span> <span class='ocrx_word' id='word_1_283' title='bbox 1221 2091 1288 2126; x_wconf 83' lang='grc' dir='ltr'><strong><em>ὅσα</em></strong></span> <span class='ocrx_word' id='word_1_284' title='bbox 1317 2096 1394 2137; x_wconf 81' lang='grc' dir='ltr'><strong><em>περὶ</em></strong></span> 
     </span>
     <span class='ocr_line' id='line_1_55' title="bbox 752 2141 1393 2184; baseline 0.006 -14"><span class='ocrx_word' id='word_1_285' title='bbox 752 2149 805 2180; x_wconf 77' lang='grc' dir='ltr'><strong><em>σχ.</em></strong></span> <span class='ocrx_word' id='word_1_286' title='bbox 834 2141 927 2173; x_wconf 80' lang='lat' dir='ltr'><strong>conf.</strong></span> <span class='ocrx_word' id='word_1_287' title='bbox 960 2151 995 2182; x_wconf 90' lang='lat' dir='ltr'><strong><em>p.</em></strong></span> <span class='ocrx_word' id='word_1_288' title='bbox 1027 2141 1105 2176; x_wconf 82' lang='lat'><strong>797.</strong></span> <span class='ocrx_word' id='word_1_289' title='bbox 1139 2141 1181 2173; x_wconf 90' lang='grc' dir='ltr'><strong><em>Β.</em></strong></span> <span class='ocrx_word' id='word_1_290' title='bbox 1212 2151 1302 2183; x_wconf 81' lang='lat' dir='ltr'><strong>qnae</strong></span> <span class='ocrx_word' id='word_1_291' title='bbox 1333 2143 1393 2184; x_wconf 87' lang='lat' dir='ltr'><strong>qui</strong></span> 
     </span>
     <span class='ocr_line' id='line_1_56' title="bbox 751 2188 1395 2228; baseline 0.005 -10"><span class='ocrx_word' id='word_1_292' title='bbox 751 2191 883 2219; x_wconf 82' lang='lat' dir='ltr'><strong>attente</strong></span> <span class='ocrx_word' id='word_1_293' title='bbox 907 2188 1224 2228; x_wconf 81' lang='lat' dir='ltr'><strong>consideraverint,</strong></span> <span class='ocrx_word' id='word_1_294' title='bbox 1249 2189 1274 2220; x_wconf 91' lang='lat' dir='ltr'><strong><em>ii</em></strong></span> <span class='ocrx_word' id='word_1_295' title='bbox 1298 2190 1395 2222; x_wconf 81' lang='lat' dir='ltr'><strong>solas</strong></span> 
     </span>
     <span class='ocr_line' id='line_1_57' title="bbox 750 2233 1393 2276; baseline 0.006 -12"><span class='ocrx_word' id='word_1_296' title='bbox 750 2233 882 2274; x_wconf 82' lang='lat' dir='ltr'><strong>figuras</strong></span> <span class='ocrx_word' id='word_1_297' title='bbox 927 2234 1032 2266; x_wconf 82' lang='lat' dir='ltr'><strong>facile</strong></span> <span class='ocrx_word' id='word_1_298' title='bbox 1079 2235 1274 2276; x_wconf 80' lang='lat' dir='ltr'><strong>largientur</strong></span> <span class='ocrx_word' id='word_1_299' title='bbox 1320 2246 1393 2268; x_wconf 88' lang='lat' dir='ltr'><strong><em>non</em></strong></span> 
     </span>
     <span class='ocr_line' id='line_1_58' title="bbox 750 2279 1392 2315; baseline 0.008 -5"><span class='ocrx_word' id='word_1_300' title='bbox 750 2279 855 2311; x_wconf 79' lang='lat' dir='ltr'><strong>aliam</strong></span> <span class='ocrx_word' id='word_1_301' title='bbox 879 2280 924 2312; x_wconf 84' lang='lat' dir='ltr'><strong><em>ob</em></strong></span> <span class='ocrx_word' id='word_1_302' title='bbox 953 2291 1114 2314; x_wconf 79' lang='lat' dir='ltr'><strong>caussam</strong></span> <span class='ocrx_word' id='word_1_303' title='bbox 1144 2291 1236 2313; x_wconf 84' lang='lat' dir='ltr'><strong>nune</strong></span> <span class='ocrx_word' id='word_1_304' title='bbox 1260 2292 1392 2315; x_wconf 83' lang='lat' dir='ltr'><strong>memo-</strong></span> 
     </span>
     <span class='ocr_line' id='line_1_59' title="bbox 750 2326 1294 2369; baseline 0.006 -12"><span class='ocrx_word' id='word_1_305' title='bbox 750 2326 835 2365; x_wconf 84' lang='lat' dir='ltr'><strong>rari,</strong></span> <span class='ocrx_word' id='word_1_306' title='bbox 862 2337 967 2368; x_wconf 81' lang='lat' dir='ltr'><strong>quam</strong></span> <span class='ocrx_word' id='word_1_307' title='bbox 992 2329 1142 2369; x_wconf 85' lang='lat' dir='ltr'><strong>exempli</strong></span> <span class='ocrx_word' id='word_1_308' title='bbox 1167 2329 1294 2369; x_wconf 79' lang='lat' dir='ltr'><strong>gratia.</strong></span> 
     </span>
    </p>

    <p class='ocr_par' dir='ltr' id='par_1_15' title="bbox 749 2371 1393 2695">
     <span class='ocr_line' id='line_1_60' title="bbox 797 2371 1392 2416; baseline 0.005 -13"><span class='ocrx_word' id='word_1_309' title='bbox 797 2371 884 2414; x_wconf 78' lang='lat' dir='ltr'><strong>Cap.</strong></span> <span class='ocrx_word' id='word_1_310' title='bbox 914 2374 1003 2406; x_wconf 84' lang='lat' dir='ltr'><strong><em>vm.</em></strong></span> <span class='ocrx_word' id='word_1_311' title='bbox 1050 2374 1095 2405; x_wconf 80' lang='lat' dir='ltr'><strong>E.</strong></span> <span class='ocrx_word' id='word_1_312' title='bbox 1145 2371 1190 2405; x_wconf 91' lang='grc' dir='ltr'><strong><em>τό</em></strong></span> <span class='ocrx_word' id='word_1_313' title='bbox 1221 2385 1267 2416; x_wconf 80' lang='grc' dir='ltr'><strong><em>γε</em></strong></span> <span class='ocrx_word' id='word_1_314' title='bbox 1292 2371 1392 2416; x_wconf 78' lang='grc' dir='ltr'><strong><em>παρ’</em></strong></span> 
     </span>
     <span class='ocr_line' id='line_1_61' title="bbox 753 2414 1392 2463; baseline 0.008 -15"><span class='ocrx_word' id='word_1_315' title='bbox 753 2414 852 2458; x_wconf 85' lang='grc' dir='ltr'><strong><em>ἧμιν</em></strong></span> <span class='ocrx_word' id='word_1_316' title='bbox 876 2416 1011 2461; x_wconf 82' lang='grc' dir='ltr'><strong><em>δόγμα</em></strong></span> <span class='ocrx_word' id='word_1_317' title='bbox 1035 2420 1103 2462; x_wconf 89' lang='grc'><strong><em>-]</em></strong></span> <span class='ocrx_word' id='word_1_318' title='bbox 1136 2419 1197 2452; x_wconf 86' lang='lat' dir='ltr'><strong>Sic</strong></span> <span class='ocrx_word' id='word_1_319' title='bbox 1221 2419 1332 2463; x_wconf 86' lang='lat' dir='ltr'><strong>Soph.</strong></span> <span class='ocrx_word' id='word_1_320' title='bbox 1358 2432 1392 2463; x_wconf 88' lang='lat' dir='ltr'><strong>p</strong></span> 
     </span>
     <span class='ocr_line' id='line_1_62' title="bbox 750 2463 1393 2509; baseline 0.005 -13"><span class='ocrx_word' id='word_1_321' title='bbox 750 2463 830 2498; x_wconf 81' lang='lat'><strong>251.</strong></span> <span class='ocrx_word' id='word_1_322' title='bbox 845 2464 891 2496; x_wconf 88' lang='lat' dir='ltr'><strong><em>D.</em></strong></span> <span class='ocrx_word' id='word_1_323' title='bbox 918 2465 957 2497; x_wconf 81' lang='grc' dir='ltr'><strong><em>ὲν</em></strong></span> <span class='ocrx_word' id='word_1_324' title='bbox 974 2469 1045 2498; x_wconf 70' lang='grc' dir='ltr'><strong><em>τοῖς</em></strong></span> <span class='ocrx_word' id='word_1_325' title='bbox 1069 2463 1147 2507; x_wconf 84' lang='grc' dir='ltr'><strong><em>παρ’</em></strong></span> <span class='ocrx_word' id='word_1_326' title='bbox 1173 2463 1250 2508; x_wconf 85' lang='grc' dir='ltr'><strong><em>ἡμῖν</em></strong></span> <span class='ocrx_word' id='word_1_327' title='bbox 1274 2465 1393 2509; x_wconf 71' lang='grc' dir='ltr'><strong><em>λόγοις</em></strong></span> 
     </span>
     <span class='ocr_line' id='line_1_63' title="bbox 750 2509 1393 2570; baseline 0.008 -30"><span class='ocrx_word' id='word_1_328' title='bbox 750 2509 910 2550; x_wconf 77' lang='grc' dir='ltr'><strong><em>τιθῶμεν.</em></strong></span> <span class='ocrx_word' id='word_1_329' title='bbox 944 2512 1080 2544; x_wconf 87' lang='lat' dir='ltr'><strong>Phileb.</strong></span> <span class='ocrx_word' id='word_1_330' title='bbox 1097 2524 1129 2554; x_wconf 94' lang='lat' dir='ltr'><strong>p</strong></span> <span class='ocrx_word' id='word_1_331' title='bbox 1149 2513 1207 2547; x_wconf 89' lang='lat'><strong>11.</strong></span> <span class='ocrx_word' id='word_1_332' title='bbox 1234 2512 1276 2545; x_wconf 84' lang='grc' dir='ltr'><strong><em>Β.</em></strong></span> <span class='ocrx_word' id='word_1_333' title='bbox 1303 2511 1393 2570; x_wconf 73' lang='grc' dir='ltr'><strong><em>πρὸς</em></strong></span> 
     </span>
     <span class='ocr_line' id='line_1_64' title="bbox 751 2555 1391 2602; baseline 0.008 -15"><span class='ocrx_word' id='word_1_334' title='bbox 751 2558 823 2587; x_wconf 83' lang='grc' dir='ltr'><strong><em>τίνα</em></strong></span> <span class='ocrx_word' id='word_1_335' title='bbox 855 2555 914 2589; x_wconf 87' lang='grc' dir='ltr'><strong><em>τὸν</em></strong></span> <span class='ocrx_word' id='word_1_336' title='bbox 946 2555 1023 2600; x_wconf 79' lang='grc' dir='ltr'><strong><em>παρ’</em></strong></span> <span class='ocrx_word' id='word_1_337' title='bbox 1058 2555 1135 2599; x_wconf 79' lang='grc' dir='ltr'><strong><em>ἡμῖν</em></strong></span> <span class='ocrx_word' id='word_1_338' title='bbox 1165 2557 1305 2602; x_wconf 82' lang='grc' dir='ltr'><strong><em>(λόγον)</em></strong></span> <span class='ocrx_word' id='word_1_339' title='bbox 1331 2556 1391 2600; x_wconf 85' lang='grc' dir='ltr'><strong><em>α’μ-</em></strong></span> 
     </span>
     <span class='ocr_line' id='line_1_65' title="bbox 749 2602 1390 2648; baseline 0.013 -15"><span class='ocrx_word' id='word_1_340' title='bbox 749 2602 932 2645; x_wconf 84' lang='grc' dir='ltr'><strong><em>φισβητεῖν</em></strong></span> <span class='ocrx_word' id='word_1_341' title='bbox 955 2604 1122 2646; x_wconf 72' lang='grc' dir='ltr'><strong><em>(μέλλεις).</em></strong></span> <span class='ocrx_word' id='word_1_342' title='bbox 1156 2605 1247 2638; x_wconf 88' lang='lat' dir='ltr'><strong>Ibid.</strong></span> <span class='ocrx_word' id='word_1_343' title='bbox 1273 2617 1308 2648; x_wconf 84' lang='lat' dir='ltr'><strong>p</strong></span> <span class='ocrx_word' id='word_1_344' title='bbox 1333 2607 1390 2641; x_wconf 82' lang='lat'><strong><em>20-</em></strong></span> 
     </span>
     <span class='ocr_line' id='line_1_66' title="bbox 749 2647 1389 2695; baseline 0.008 -14"><span class='ocrx_word' id='word_1_345' title='bbox 749 2651 795 2681; x_wconf 86' lang='lat' dir='ltr'><strong>A.</strong></span> <span class='ocrx_word' id='word_1_346' title='bbox 822 2648 861 2682; x_wconf 85' lang='grc' dir='ltr'><strong><em>τὰ</em></strong></span> <span class='ocrx_word' id='word_1_347' title='bbox 886 2650 950 2682; x_wconf 84' lang='grc' dir='ltr'><strong><em>νῦν</em></strong></span> <span class='ocrx_word' id='word_1_348' title='bbox 972 2647 1283 2693; x_wconf 77' lang='grc' dir='ltr'><strong><em>ἀμφισβητούμενα</em></strong></span> <span class='ocrx_word' id='word_1_349' title='bbox 1313 2650 1389 2695; x_wconf 78' lang='grc' dir='ltr'><strong><em>παρ’</em></strong></span> 
     </span>
    </p>
   </div>
   <div class='ocr_carea' id='block_1_7' title="bbox 752 2692 1387 2795">
    <p class='ocr_par' dir='ltr' id='par_1_16' title="bbox 752 2692 1387 2795">
     <span class='ocr_line' id='line_1_67' title="bbox 752 2692 1387 2740; baseline 0.016 -15"><span class='ocrx_word' id='word_1_350' title='bbox 752 2692 839 2738; x_wconf 67' lang='grc' dir='ltr'><strong><em>ἡμῖν.</em></strong></span> <span class='ocrx_word' id='word_1_351' title='bbox 889 2697 944 2728; x_wconf 82' lang='lat' dir='ltr'><strong>De</strong></span> <span class='ocrx_word' id='word_1_352' title='bbox 975 2697 1061 2739; x_wconf 83' lang='lat' dir='ltr'><strong>Rep.</strong></span> <span class='ocrx_word' id='word_1_353' title='bbox 1087 2697 1151 2729; x_wconf 91' lang='lat' dir='ltr'><strong>IV.</strong></span> <span class='ocrx_word' id='word_1_354' title='bbox 1178 2709 1212 2740; x_wconf 86' lang='lat' dir='ltr'><strong>p</strong></span> <span class='ocrx_word' id='word_1_355' title='bbox 1237 2698 1316 2734; x_wconf 80' lang='lat'><strong>435.</strong></span> <span class='ocrx_word' id='word_1_356' title='bbox 1343 2700 1387 2732; x_wconf 84' lang='lat' dir='ltr'><strong><em>A·</em></strong></span> 
     </span>
     <span class='ocr_line' id='line_1_68' title="bbox 1062 2755 1110 2795; baseline -0.021 0"><span class='ocrx_word' id='word_1_357' title='bbox 1062 2755 1110 2795; x_wconf 79' lang='grc'><strong><em>19</em></strong></span> 
     </span>
    </p>
   </div>
   <div class='ocr_carea' id='block_1_8' title="bbox 1430 1298 1511 1338">
    <p class='ocr_par' dir='ltr' id='par_1_17' title="bbox 1430 1298 1511 1338">
     <span class='ocr_line' id='line_1_69' title="bbox 1430 1298 1511 1338; baseline -0.025 0"><span class='ocrx_word' id='word_1_358' title='bbox 1430 1298 1511 1338; x_wconf 75' lang='lat'><strong><em>799</em></strong></span> 
     </span>
    </p>
   </div>
  </div>
 </body>
</html>
