1644 2886
491 95 572 138 DE
608 92 900 136 LEGIBUS-
918 104 1000 134 etc.
1292 90 1417 134 XCV

51 224 223 265 aspera,
257 210 425 264 sca-bra,
460 209 618 254 hiulca..
652 217 699 250 ut
729 223 866 264 prope
899 207 1086 250 videaris
1117 206 1230 254 inter
1273 206 1420 262 legen-

52 265 154 308 dum
189 267 230 309 iu
265 282 396 323 opere
427 265 555 308 foede
586 272 793 321 corrupto
825 264 1069 319 misereque
1090 264 1281 306 lacerato
1323 278 1420 305 ver-

51 324 149 367 sari.
212 324 361 366 Habet
391 323 542 366 eadem
575 323 839 378 multiplices
860 322 1091 364 verborum
1124 320 1419 373 traiectiones,

52 381 284 423 inchoatae
316 382 547 423 verborum
578 379 920 422 constructionis
941 378 1312 434 perturbationes,
1346 393 1421 420 va-

52 438 211 480 riarum
243 437 454 492 loquendi
487 438 720 479 formarum
754 436 1037 478 confusiones
1079 444 1123 478 et
1154 436 1281 490 quasi
1312 435 1420 477 mix-

52 502 187 548 turas,
240 495 430 550 denique
460 509 579 536 raras
623 500 668 536 et
712 493 950 536 insolentes
997 492 1208 547 loquendi
1259 494 1422 535 formas

53 553 354 607 cuiuscunque
395 551 592 609 generiS,
632 565 793 605 easque
834 565 984 592 omnes
1025 550 1138 592 adeo
1182 549 1315 593 dense
1347 565 1419 592 ac-

53 609 307 651 cumulatas*
338 616 468 663 atque
515 608 810 664 constipatas,
854 618 904 648 ut
954 621 1269 662 saepenumero
1319 607 1421 649 inde

52 682 262 722 perquam
316 667 453 709 tristis
504 671 548 707 et
597 665 795 706 insuavis
835 663 972 705 facies
1028 664 1122 705 eius
1181 664 1419 706 oboriatur.

53 724 174 778 Quin
238 723 366 766 etiam
406 721 595 779 ‘periodi
665 728 856 763 ceterum
927 725 1045 762 recte
1123 730 1318 764 structae
1378 730 1422 764 et

53 781 322 836 compositae
375 794 689 835 saepenumero
739 777 849 820 adeo
891 784 995 820 sunt
1045 777 1274 832 difficiles,
1317 793 1421 820 con·

53 846 195 880 tortae
232 853 283 878 ac
318 837 574 893 perplexae,
628 845 677 878 ut
716 835 816 877 ideo
857 835 1139 876 vehementer
1187 834 1420 891 displicere

54 895 254 938 debeant.
322 893 518 948 Quarum
565 892 740 948 quidem
773 892 972 947 exempla
1001 892 1039 934 si
1072 892 1169 947 quis
1204 892 1419 947 requirat,

54 957 280 1009 percurrat
330 953 367 993 is
407 951 475 993 vel
518 951 672 992 leviter
750 949 1100 993 Commentarios
1139 956 1312 992 nostros
1351 950 1419 991 vel

55 1010 183 1052 etiam
212 1008 421 1064 inspiciat
461 1023 573 1063 quae
615 1008 658 1049 in
690 1006 920 1048 Indicibus
955 1006 1010 1048 ad
1042 1022 1115 1048 eos
1147 1007 1421 1049 concinnatis

53 1066 184 1109 variis
223 1065 356 1119 locis,
401 1065 534 1107 veluti
575 1080 609 1107 s.
641 1082 681 1108 v.
753 1064 967 1120 Enallage
1010 1070 1054 1106 et
1091 1064 1420 1118 Anaeoluthon‚

54 1123 430 1178 consignavimus,
462 1138 512 1164 ac
544 1122 671 1164 facile
702 1121 881 1175 videbit,
915 1121 1022 1176 quid
1054 1121 1116 1163 rei
1147 1122 1218 1164 sit.
1279 1122 1421 1164 Nimi-

54 1196 148 1224 rum
179 1181 239 1222 ita
268 1188 354 1222 est:
386 1180 520 1222 habet
542 1180 672 1221 etiam
704 1179 938 1220 continuae
959 1178 1169 1220 orationis
1201 1185 1422 1221 structura

56 1244 100 1280 et
120 1237 380 1293 compositio
402 1243 573 1278 tantum
604 1236 855 1292 asperitatis
887 1250 938 1277 ac
964 1234 1255 1289 difficultatis,
1289 1242 1339 1277 ut
1358 1236 1422 1278 fa-

55 1295 264 1338 cilitatem
308 1295 425 1336 illam
457 1293 667 1336 sermonis
698 1292 918 1335 Platonici
950 1293 995 1334 in
1028 1293 1122 1348 ipsa
1153 1293 1314 1348 passim
1347 1293 1421 1336 de-

55 1351 218 1395 sideres
249 1351 465 1406 facileque
497 1351 734 1405 suspiceris
764 1349 1024 1405 scriptorem
1060 1349 1304 1406 elegantiae
1344 1351 1421 1393 mi-

55 1424 138 1452 nus
169 1409 306 1452 fuisse
337 1406 570 1451 curiosum.

169 1524 319 1578 Atque
368 1522 475 1565 haec
527 1521 701 1577 quidem
751 1536 884 1576 quum
932 1523 995 1564 ita
1056 1537 1151 1565 sese
1216 1521 1421 1576 habeant,

57 1585 211 1636 sponte
250 1580 444 1623 nascitur
475 1582 675 1635 quaestio
707 1581 854 1636 gravis
893 1595 997 1622 sane
1047 1594 1098 1622 ac
1129 1579 1421 1633 subdifficilis,

58 1636 133 1691 qui
172 1636 345 1679 tandem
385 1637 481 1679 fieri
521 1636 737 1693 potuerit,
771 1643 819 1679 ut
860 1637 987 1680 Plato
1019 1637 1151 1679 talem
1183 1637 1423 1679 orationem

59 1693 299 1751 effingeret.
362 1693 575 1736 Videmur
614 1700 759 1736 autem
796 1694 970 1736 minime
999 1708 1166 1749 errare,
1198 1694 1329 1737 huius
1361 1694 1424 1736 rei

58 1765 238 1794 caussas
261 1751 368 1794 satis
402 1751 651 1807 probabiles
682 1751 837 1807 partim
870 1767 924 1793 ex
955 1753 1053 1808 ipsa
1084 1751 1229 1807 operis
1260 1751 1423 1805 indole,

59 1809 215 1864 partim
247 1809 375 1850 etiam
408 1824 460 1850 ex
490 1814 760 1863 temporum,
793 1809 952 1863 quibus
984 1809 1274 1865 compositum
1305 1807 1425 1850 vide-

58 1872 153 1919 tur,
195 1865 438 1907 rationibus
469 1866 607 1921 repeti
639 1880 793 1921 posse,
827 1865 1063 1908 dummodo
1096 1882 1246 1908 eorum
1277 1865 1424 1907 memi-

59 1922 272 1976 nerimus,
306 1936 418 1976 quae
449 1921 503 1963 de
534 1923 625 1964 eius
658 1922 901 1977 originibus
934 1930 1067 1977 atque
1098 1923 1202 1964 fatis
1235 1922 1425 1977 antiqui-

61 1987 132 2021 tus
172 1979 404 2020 memoriae
443 1977 618 2034 prodita
667 1985 782 2020 sunt.
862 1979 931 2020 De
973 1995 1059 2034 qua
1099 1994 1145 2020 re
1192 1978 1276 2021 hoc
1327 1979 1425 2020 loco

62 2036 217 2091 paucis
257 2050 474 2091 exponere
515 2050 602 2077 non
642 2050 666 2076 a
706 2050 752 2076 re
793 2034 982 2077 alienum
1020 2035 1207 2078 videtur.
1269 2035 1426 2091 Itaque

61 2093 245 2148 primum
277 2091 452 2147 quidem
484 2091 558 2132 illa
589 2091 798 2134 orationis
828 2092 934 2134 vitia
961 2092 1079 2147 quod
1111 2093 1281 2146 attinet,
1315 2108 1426 2148 quac

62 2150 106 2191 iu
145 2149 350 2206 perplexo
394 2164 446 2190 ac
497 2148 664 2190 difficili
704 2149 896 2204 itemque
934 2149 977 2191 in
1019 2149 1179 2193 diffuso
1212 2157 1287 2192 aut
1317 2149 1425 2192 male

63 2205 268 2249 affectato
309 2205 483 2247 dicendi
515 2221 674 2262 genere
706 2214 986 2259 cernuntur,·
1008 2206 1212 2249 videntur
1243 2222 1426 2249 caussae

64 2268 108 2304 et
146 2263 336 2320 origines
378 2279 527 2305 eorum
567 2263 750 2304 maxime
796 2263 1074 2318 quaerendae
1106 2279 1201 2307 esse
1233 2265 1279 2306 in
1311 2264 1426 2306 disfi-

66 2320 242 2375 cultate,
282 2335 467 2375 quacum
500 2335 586 2361 non
617 2320 748 2361 modo
778 2321 881 2363 novi
912 2322 1156 2378 argumenti
1186 2321 1231 2363 in
1261 2322 1427 2378 legum-

65 2377 226 2419 lationc
256 2377 461 2432 occupati
491 2377 712 2431 tractatio,
749 2376 825 2419 sed
857 2379 986 2420 etiam
1017 2379 1186 2421 alienae
1218 2379 1427 2421 orationis

67 2434 245 2489 eiusque
275 2436 472 2477 insuetae
504 2435 729 2491 expressio
760 2441 893 2490 atque
922 2435 1125 2490 imitatio,
1172 2436 1428 2492 pracsertim

27 2502 41 2511 ⁴
68 2497 156 2531 tam
186 2491 339 2547 grandi
359 2499 587 2534 senectute
620 2508 644 2533 a
676 2492 891 2548 scriptore
925 2502 1146 2549 suscepta,
1177 2494 1222 2534 in
1255 2494 1428 2549 Legum

69 2561 200 2603 opere
237 2549 330 2591 sine
372 2548 505 2591 dubio
554 2550 790 2591 coniuncta
819 2549 914 2592 fuit.
974 2549 1104 2592 Fecit
1135 2551 1249 2592 enim
1285 2550 1427 2602 Plato,

68 2610 118 2646 ut
147 2619 279 2660 supra
307 2606 653 2661 memoravimus,
686 2607 729 2648 in
761 2607 828 2649 his
857 2607 981 2649 libris
1012 2606 1227 2660 Cliniam,
1269 2606 1428 2663 Megil-

68 2661 155 2703 lum
200 2669 242 2704 et
284 2661 496 2719 hospitem
547 2664 864 2706 Atheniensem
914 2663 968 2707 de
1020 2665 1330 2720 legumlatione
1368 2664 1427 2705 ita
