1644 2886
247 53 647 99 DE.LEGIBUS
683 53 804 98 [AB.
839 55 893 96 V.
930 54 978 95 P.
1012 53 1105 94 747.
1140 52 1206 95 St.
1374 51 1427 94 87

67 176 208 228 τάξεις
243 191 289 218 τε
323 191 395 218 και
431 173 632 228 ἀγωγάς,
668 190 742 215 και
789 176 853 216 ἔτι
889 175 1140 226 νομίσματα
1177 188 1249 214 και
1285 176 1424 225 μέτρα

64 241 174 298 ξηροὶ
211 258 271 285 τε
277 244 363 285 καὶ
397 238 511 296 ὑγρὰ
550 257 623 284 και
659 237 1034 293 σταθμοί,παντα
1059 240 1203 282 ταῦτα
1232 236 1424 293 ἔμμετρά

66 326 110 353 τε
146 326 218 352 και
249 286 464 360 ἀλλήλοις
485 306 704 364 σύμφωνα
734 309 797 350 δεῖ
819 304 899 350 τόν
923 323 969 360 γε
994 306 1135 360 νόμον
1157 306 1424 348 διατάττειν.

2 421 5 434 2
65 375 175 430 πρὸς
224 378 268 418 δὲ
315 374 494 425 τούτοις
537 374 634 418 οὐδ
679 380 820 417 ἐκεῖνα
858 375 1057 431 (sostrata
1095 376 1303 420 δείσαντα
1346 389 1426 424 την

0 476 4 491 .
64 443 258 495 δόξασαν
292 441 350 484 ἄν
382 446 621 496 γίγνεσθαι
653 443 983 496 σμικρολογίαν,
1003 439 1060 483 ἄν
1083 458 1144 490 τις
1170 439 1425 500 apagnius]

0 638 2 669 ἶ
63 640 292 682 mutaverint,
318 649 444 672 caussa
468 640 504 670 in
535 643 675 680 promtu
702 644 771 678 est3
799 640 856 680 qui
883 650 924 671 ex
953 638 1078 671 τάττειν
1103 640 1257 681 potuerit
1283 640 1428 678 exoriri,

64 698 134 721 non
166 688 387 730 intelligitur.

437 685 564 726 Itaque
595 681 780 716 διατάττειν
809 695 885 717 cum
923 685 1000 719 Par.
1037 686 1075 717 B.
1106 685 1143 718 Ξ.
1172 685 1193 716 f.
1221 697 1248 717 e.
1277 696 1308 715 o.
1336 683 1364 715 δ.
1394 695 1426 716 x.

63 735 260 767 tenendum.
310 733 380 765 Pro
408 730 514 770 τόμον
538 731 634 763 Mon.
662 729 868 772 νομοθέτην.

64 915 367 958 quadraginta
422 919 464 944 et
517 913 710 954 quinque

65 962 215 993 millia.
256 959 309 991 Dc
330 957 429 1000 δηλοῖ
443 959 495 990 vel
522 957 606 1000 δῆλα
632 970 708 991 cum

64 1007 260 1049 participiis
302 1006 490 1038 coniuncto
534 1010 619 1037 nota
652 1015 709 1037 res

64 1058 127 1086 est.
157 1065 189 1085 v.
223 1052 445 1084 Matthiae
483 1049 545 1083 Gr.
574 1050 602 1092 §.
628 1051 710 1085 549.

64 1100 98 1134 5.
148 1100 207 1132 Ad
240 1098 294 1130 καὶ
327 1094 366 1129 τὰ
400 1095 537 1131 τούτοις
561 1095 708 1138 ξυνεπό-

63 1156 146 1186 μενα
175 1164 234 1181 -,
251 1141 446 1186 γεννώμενα
477 1153 560 1175 vero
593 1144 709 1176 denuo

63 1191 331 1232 intelligendum
342 1200 418 1222 esse
427 1189 582 1221 πλείστας
590 1189 710 1230 ἔχοντα

65 1235 242 1277 διανομάς,
267 1247 359 1268 nunc
382 1240 509 1277 sponte
534 1237 709 1278 intellige—

65 1289 133 1316 tur.
188 1283 293 1322 Quod
331 1282 607 1314 Hermannus
644 1293 708 1324 pro

65 1328 170 1372 δῆλον
202 1327 243 1371 δὴ
279 1328 395 1360 edidit
425 1327 546 1359 διελεῖν
581 1326 646 1366 δεῖ,
672 1329 708 1360 i'd

59 1386 108 1408 ne
147 1385 249 1407 vnuno
295 1375 436 1415 quidem
489 1374 707 1415 probandum

65 1430 257 1455 censemus.

109 1465 220 1501 ὅθεν
263 1466 490 1508 φρατρίας
520 1467 592 1498 καὶ
640 1464 709 1507 δή·

8 1510 9 1514 ’
65 1522 174 1555 μους
206 1532 248 1536 ——
282 1510 548 1554 διατάττειν]
582 1512 624 1544 In
654 1513 711 1544 his

68 1570 210 1603 quoque
234 1559 391 1601 respexit
415 1558 648 1601 philosophus
666 1559 711 1591 ad

63 1604 712 1639 institutaAtheniensium.v.Schoe-

65 1663 199 1685 mann.
234 1653 464 1694 Antiquitatt.
499 1651 572 1682 Iur.
609 1651 708 1683 l'ubl.

67 1697 190 1731 Graec.
206 1709 241 1740 p.
257 1698 326 1732 200
342 1709 416 1739 sqq.
443 1697 504 1728 ubi
529 1698 582 1728 vir
608 1707 705 1738 egre-

1 1775 8 1782 „
67 1746 146 1786 gius
171 1745 323 1777 dilucide
349 1744 514 1785 exposuit
529 1743 572 1775 de
587 1744 708 1784 populi

67 1789 708 1823 Atticidivisionibus.coll.Wachs-

67 1837 199 1871 muth,
227 1836 374 1877 Antiqq.
400 1835 524 1866 Graec.
557 1835 587 1866 1.
616 1835 649 1868 1.
676 1846 708 1877 p.

67 1882 136 1916 235
151 1892 229 1924 sqq.
257 1880 351 1913 Car.
379 1881 446 1912 Fr.
473 1881 710 1913 Hermann.

68 1929 160 1961 Ibid.
194 1927 227 1969 §.
259 1927 316 1962 98.
345 1927 402 1961 99.
428 1926 508 1960 111.
542 1931 577 1958 et
608 1926 711 1959 Com-

69 1979 174 2007 ment.
219 1973 281 2005 Dc
322 1972 535 2012 vestigiis
575 1977 640 2004 etc.
677 1983 713 2013 p.

20 2034 24 2036 “
68 2019 125 2055 36.
160 2019 221 2051 ubi
253 2024 416 2052 monetur
453 2022 610 2050 extrema
643 2019 712 2050 duo

70 2066 260 2106 voeabula,
306 2062 439 2107 δήμους
487 2063 541 2094 καὶ
589 2061 714 2103 κώμας,

70 2123 176 2144 unum
189 2112 351 2153 idemque
373 2120 483 2152 genus
501 2111 714 2151 significare,

71 2162 287 2210 comparato
300 2157 552 2189 Aristotele
580 2156 713 2189 Poetis.

71 2197 342 2238 111.6.01}101
379 2201 444 2244 γὰρ
484 2200 631 2241 κώμας.
657 2200 716 2234 τὰς

67 2248 282 2306 περιοικίδας
314 2250 427 2280 καλεῖν
459 2249 581 2289 φασιᾎν
611 2245 713 2290 Ἀθη-

67 2298 162 2327 ναῖοι
187 2294 225 2327 δὲ
255 2293 430 2337 δήμους.
478 2296 637 2340 Eandem
663 2296 715 2327 di-

72 2342 243 2374 visionem
281 2342 384 2374 Plato
423 2342 569 2383 respicit
609 2342 713 2374 etiam

73 2387 175 2428 alibi,
200 2388 308 2421 veluti
344 2387 404 2419 VI.
437 2399 470 2430 p.
504 2387 581 2421 753.
615 2386 654 2418 C.
681 2391 716 2418 et

76 2432 152 2468 785.
186 2434 305 2465 A..-
339 2435 405 2465 καὶ
439 2431 547 2474 πρός
583 2443 644 2474 γε,
670 2443 714 2465 ac

75 2482 319 2521 praeterea.
346 2491 379 2512 v.
404 2481 449 2513 ad
470 2479 592 2520 Remp.
612 2479 717 2510 VIII.

75 2535 109 2566 p.
135 2523 215 2559 559.
244 2526 288 2556 A.
322 2524 474 2568 Sophist.
504 2536 539 2567 p.
563 2525 644 2559 234.
672 2526 716 2556 A.

76 2569 150 2602 Nec
174 2570 210 2602 in
234 2570 288 2602 his
312 2571 412 2604 libris
437 2573 587 2604 formula
610 2572 716 2604 infre—

79 2626 187 2657 quens
229 2620 301 2654 est‚
339 2618 437 2649 onius
479 2623 595 2650 tamen
634 2628 717 2649 usus

86 2663 244 2703 exempla
276 2668 353 2702 post
387 2661 554 2696 Astium
594 2665 718 2697 afferro

779 915 885 955 piget.
908 932 946 936 —
963 910 1248 956 dywyac‘sunt:
1265 914 1425 946 ductus

779 961 1019 1002 militares,
1059 959 1424 1002 Zugfsihrungen.

824 1052 865 1083 E.
922 1050 1069 1083 ἐκεῖνα
1108 1051 1312 1093 φοβητέα
1345 1049 1425 1083 δεί-

779 1096 931 1139 σαντα]
981 1098 1026 1130 H.
1072 1109 1100 1131 e.
1142 1096 1338 1139 φοβεῖσθαι
1376 1095 1429 1129 δεῖ

778 1142 1012 1184 δείσανταζγ.
1046 1145 1092 1178 ad
1122 1143 1260 1176 Criton.
1299 1154 1333 1185 p.
1366 1143 1424 1179 49.

778 1190 825 1222 A.
867 1189 923 1222 De
961 1190 1070 1223 verbo
1112 1190 1345 1223 metuendi
1381 1200 1426 1222 ac

779 1237 911 1268 timen
923 1236 964 1267 di
986 1236 1022 1267 in
1042 1246 1113 1268 una
1129 1237 1319 1268 verborum
1332 1245 1426 1268 com-

776 1283 1014 1324 prehensione
1038 1283 1226 1314 coniuncto
1252 1293 1285 1314 v.
1312 1281 1425 1324 Legg.

782 1329 853 1360 Vll.
885 1339 919 1370 p.
952 1328 1031 1362 819.
1067 1329 1118 1359 A:
1150 1328 1334 1369 φοβοῦμαι
1366 1327 1427 1368 μὲν

779 1373 821 1416 δὴ
847 1375 952 1406 ταῦτα
976 1371 998 1405 ἂ
1024 1371 1068 1406 σὺ
1093 1374 1216 1416 λέγεις,
1240 1374 1367 1413 μᾶλλον
1392 1372 1428 1407 δὲ

779 1420 919 1453 δέδοικα
952 1417 1035 1452 τοὺς
1069 1416 1242 1462 ἡμμένους
1274 1419 1335 1460 μὲν
1362 1416 1424 1452 αὐ-

780 1467 846 1498 τῶν
871 1465 1016 1499 τούτων.
1071 1466 1255 1508 l’rotagor.
1282 1476 1316 1508 p.
1342 1465 1422 1501 358.

778 1513 830 1545 D:
863 1512 991 1545 καλεῖτέ
1024 1523 1052 1543 τι
1084 1510 1165 1545 δέος
1199 1513 1255 1544 καὶ
1286 1511 1426 1554 φόβον,·

780 1560 839 1591 ubi
864 1571 898 1591 v.
923 1569 1005 1592 ann.
1032 1558 1228 1601 Thucyd.
1256 1558 1311 1591 lV.
1339 1559 1425 1594 117:

780 1604 1049 1645 Λακεδαιμόνιοι
1063 1603 1100 1636 δὲ
1112 1606 1215 1638 ταῦτα
1231 1601 1423 1647 τούς-Ἀθη-

779 1648 912 1690 ναίους,
937 1649 1024 1693 ἅπερ
1052 1649 1196 1690 ἔδεισαν,
1216 1651 1423 1706 φοβεῖσιῖαι.

779 1699 977 1740 Xenoph.
1005 1698 1110 1730 Mem.
1138 1698 1196 1730 ΙΙΙ.
1225 1697 1260 1739 5,
1275 1698 1312 1732 6ι
1342 1695 1425 1730 ὅταν

777 1744 838 1784 μὲν
862 1743 927 1787 γὰρ
952 1742 994 1786 δί
1020 1754 1091 1775 που
1103 1743 1209 1786 μηδὲν
1229 1743 1429 1785 φοβῶνται,

778 1793 898 1830 μεστοί
937 1801 1025 1845 ειριν
1066 1787 1227 1831 ἀταξίας·
1265 1787 1348 1822 ὅταν
1388 1789 1425 1822 δὲ

778 1847 924 1877 χειμωνα
957 1834 979 1879 ἢ
1007 1836 1179 1875 πολέμους
1203 1835 1358 1874 totamm,
1386 1835 1425 1868 τὰ

780 1881 984 1923 κελευόμενα
1011 1880 1120 1914 πάντα
1138 1883 1314 1914 ποιοῦσιν.
1347 1883 1425 1914 He-

779 1929 922 1960 rodot.
961 1929 1027 1960 IV.
1075 1928 1159 1962 115:
1209 1925 1316 1969 ἡμέας
1361 1928 1426 1969 ἔχει

782 1972 906 2015 φόβος
931 1985 964 2011 τε
989 1974 1044 2005 καὶ
1069 1972 1160 2006 δέος.
1196 1974 1422 2007 Demosth.

781 2029 814 2061 p.
851 2019 933 2054 124:
970 2017 1014 2051 οὐ
1045 2017 1087 2062 δὴ
1121 2018 1175 2051 δεῖ
1202 2020 1362 2062 παρορᾶν
1386 2019 1424 2052 τὰ

782 2067 923 2098 τοιαῦτα
950 2062 1034 2098 οὐδὲ
1058 2065 1119 2098 τὸν
1142 2065 1340 2108 ἐξείργοντα
1358 2066 1426 2098 δέει

783 2112 837 2144 καὶ
874 2110 990 2154 φόβῳ.
1022 2113 1068 2144 al.
1122 2111 1205 2145 Non
1241 2114 1428 2145 dissimilia

783 2163 863 2190 sunt
899 2159 1000 2190 talia:
1037 2159 1171 2190 Phileb.
1211 2169 1244 2200 p.
1282 2158 1340 2193 58.
1373 2159 1426 2191 D:

782 2205 947 2244 εἴπωμεν,
985 2204 1019 2236 εἰ
1050 2208 1174 2246 φαῖμεν
1211 2202 1265 2236 ἄν.
1320 2205 1426 2247 Hipp.

782 2251 864 2284 min.
898 2261 932 2292 p.
971 2251 1050 2285 369.
1082 2251 1129 2282 E:
1170 2248 1338 2292 ἑνενόηκα
1374 2249 1425 2283 ὅτι

782 2307 839 2335 μοι
874 2295 980 2335 δοκεῖ.
1029 2297 1174 2328 Lachet.
1199 2308 1232 2338 p.
1266 2296 1347 2331 196.
1382 2298 1426 2329 E.

783 2343 842 2374 ubi
873 2354 902 2375 v.
936 2353 1017 2375 ann.
1066 2342 1137 2375 Sed
1169 2344 1251 2375 vide
1282 2345 1428 2375 omnino

783 2398 872 2429 quae
905 2389 948 2421 de
979 2389 1096 2421 verbis
1127 2390 1285 2421 eiusdem
1317 2390 1428 2430 signi-

782 2435 957 2467 ficationis
971 2436 1063 2468 inter
1076 2445 1113 2467 se
1123 2436 1325 2467 coniunctis
1342 2436 1428 2467 sori-

785 2481 918 2521 psimus
948 2482 992 2513 ad
1025 2480 1183 2523 Sophist.
1218 2492 1250 2522 p.
1278 2480 1357 2515 217.
1383 2481 1425 2512 E.

786 2531 820 2558 et
843 2537 875 2569 p.
896 2525 975 2560 242.
995 2528 1037 2559 Α
1065 2546 1107 2551 -—
1138 2525 1209 2569 τὴν
1236 2525 1427 2568 δόξασαν

788 2583 836 2603 αν
869 2573 1103 2614 γίγνεσθαι.
1144 2583 1278 2614 σμικρ.
1313 2574 1426 2616 quod

789 2619 928 2650 videri
961 2621 1106 2660 possit
1138 2621 1336 2651 existere
1367 2629 1426 2651 re-

789 2675 873 2695 rnm
900 2666 1160 2698 minutarum
1195 2666 1391 2698 studium.
