1644 2886
249 112 331 153 422
735 111 1112 156 PLATONIS

249 229 322 269 καὶ
370 227 547 282 πρῶτον
589 228 668 279 μὲν
716 225 770 269 τὰ
819 230 914 282 περὶ
959 226 1123 283 δρόμον
1173 230 1243 271 καὶ
1286 228 1417 284 τάχος
1474 230 1584 281 ὅλως

249 285 325 345 ἆρ’
368 291 421 333 οὐ
460 294 642 342 θετέον,-

353 358 456 400 ΚΛ.
526 357 696 400 Θετέον.
1569 403 1571 406 .

345 422 446 464 ΑΘ.
501 419 624 464 ’Ἐστι
671 424 780 473 γοῦν
824 422 1003 466 παντων
1048 422 1405 478 πολεμικώτατον
1443 426 1468 477 ἡ
1503 427 1582 468 σώ-

136 490 218 530 833
246 503 387 540 ματος
422 485 579 539 ὀξύτης
614 485 814 538 πάντως,
858 488 883 540 ἡ
921 491 998 543 μὲν
1032 487 1122 532 ἀπὸ
1161 490 1246 531 τῶν
1280 492 1438 541 ποδῶν,
1477 490 1500 542 ἡ
1539 495 1582 534 δὲ

247 554 320 594 καὶ
363 551 455 594 ἀπὸ
506 555 589 595 τῶν
621 556 801 609 χειρῶν·
854 563 1009 612 φυγεῖν
1053 557 1130 600 μὲν
1166 557 1237 597 καὶ
1286 558 1396 598 ἑλεῖν
1433 556 1457 608 ἡ
1495 560 1582 599 τῶν

247 619 417 667 ποδῶν,
455 617 479 670 ἡ
519 617 556 661 δ’
598 624 643 661 ὲν
681 628 776 669 ταῖς
811 623 1082 674 συμπλοκαῖς
1115 621 1234 676 μα’χη
1269 625 1340 663 καὶ
1376 621 1582 672 σύστασις

245 683 393 739 ἰσχύος
428 687 500 728 καὶ
533 683 680 741 ῥώμης
715 687 913 740 δεομένη.

346 750 448 793 ΚΛ.
525 749 582 793 Τι’
614 749 730 805 μήν,·

351 816 443 859 ΛΘ.

244 884 311 932 γίσ
318 896 394 932 την
432 883 516 935 ἔχει
550 886 714 935 χρείαν.

516 815 579 858 Οὐ
606 814 693 870 μὴν
728 819 857 872 χωρίς
893 833 937 866 γε
973 814 1120 858 ὅπλων
1156 816 1361 873 οὐδετέρα
1396 817 1476 869 τὴν
1509 836 1580 872 με-

337 987 375 1019 E.
427 985 510 1026 ἡδὲ
535 986 608 1018 καὶ
631 986 710 1019 olna
741 991 821 1018 τῶν
845 988 902 1030 χ.]
931 990 988 1020 καὶ
1013 999 1081 1020 om.
1109 989 1182 1020 Ric-

337 1032 375 1063 P.
399 1031 478 1065 833.
526 1032 705 1064 εἴςεισιν
731 1031 837 1065 ὃπλα
862 1033 987 1075 ἔχων]
1016 1034 1131 1066 Verba
1157 1031 1243 1065 ὅπλα
1268 1033 1351 1074 ἔχων
1376 1043 1442 1065 om.
1466 1044 1516 1075 pr.
1535 1035 1578 1066 A.

248 1075 286 1109 Ω.
314 1077 401 1115 Mox
428 1075 609 1118 ἐφίππειον
635 1088 723 1110 corr.
749 1079 792 1110 A.
820 1085 853 1111 et
879 1079 947 1111 Vat
971 1090 997 1110 r.
1024 1089 1058 1110 x.
1082 1084 1116 1111 et
1140 1077 1274 1119 δολιχόν
1298 1079 1354 1122 hie
1379 1083 1413 1110 et
1437 1080 1528 1111 infra
1547 1091 1577 1110 v.

245 1123 266 1153 f.
294 1123 328 1154 h.
353 1132 380 1154 r.
406 1133 446 1154 ac
471 1124 660 1155 secundum
684 1123 842 1156 Bastium
869 1125 971 1157 etiam
999 1125 1040 1156 A.
1068 1129 1102 1156 et
1130 1122 1168 1157 Ω.
1216 1125 1267 1156 De
1292 1129 1432 1156 accente
1456 1135 1487 1156 v.
1512 1125 1580 1156 Lo-

244 1168 331 1200 book
355 1168 473 1200 Perat.
500 1178 533 1209 p.
561 1168 638 1203 340.

287 1246 328 1278 P.
348 1245 428 1280 833.
457 1243 476 1288 ἠ
500 1246 576 1285 μὲν
603 1243 686 1278 ἀπὸ
714 1247 879 1278 τῶνπο-

243 1290 351 1332 δῶν]
403 1292 441 1323 V.
469 1292 515 1324 ad
538 1303 570 1333 p.
597 1291 677 1327 831.
704 1291 742 1325 Ο.

287 1340 442 1378 φυγεῖν
482 1335 555 1375 μὲν
599 1337 666 1368 καὶ
707 1336 818 1368 ἑλεῖν
860 1334 878 1379 ἡ

242 1380 321 1413 τῶν
347 1380 491 1413 ποδῶν
507 1385 566 1420 —l
596 1383 691 1415 Leve
714 1384 878 1415 anacolu-

241 1427 339 1459 thon.
371 1427 534 1460 Debebat
557 1428 648 1459 enim
676 1429 791 1468 pergi:
817 1427 876 1467 μά-

240 1472 361 1512 χεσθαι
401 1471 438 1504 δὲ
479 1474 532 1504 καὶ
574 1473 799 1513 ξυνίσιασθαι
841 1474 877 1504 ἑν

242 1521 310 1548 ταῖς
336 1518 559 1558 ξυμπλοκαῖς,
598 1516 689 1549 ὅπου
714 1516 756 1559 δὴ
783 1517 874 1559 ἰσχύ-

239 1571 278 1592 ος
307 1563 360 1593 καὶ
390 1559 504 1604 ῥώμης
528 1561 587 1599 δεῖ,
614 1560 717 1603 ἦτ’ῦν
742 1564 874 1604 χειρῶν.

239 1607 340 1638 Nunc
390 1618 473 1639 vero
529 1617 589 1648 per
638 1608 874 1639 inversionem

239 1653 412 1693 quandam
436 1653 549 1684 oratio
577 1654 793 1684 conformata
812 1659 874 1684 est.

240 1696 420 1729 Sententia
450 1699 557 1730 totius
588 1699 655 1730 loci
688 1698 773 1729 haec
805 1706 873 1730 est:

239 1743 318 1774 Est
341 1747 461 1774 certe
491 1752 560 1774 res
587 1744 773 1775 omnium
798 1754 875 1775 ma-

237 1789 354 1819 xime
390 1788 547 1819 bellica
578 1789 646 1825 (ad
679 1788 761 1819 belli
792 1799 875 1820 usus

238 1833 340 1872 plane
360 1832 573 1874 necessaria)
591 1834 792 1874 corporis
818 1829 876 1866 ce-

239 1878 392 1910 leritas
419 1880 604 1918 omnino,
632 1880 694 1910 vel
721 1888 741 1910 a
762 1880 873 1919 pedi-

239 1923 310 1955 bus
350 1924 414 1955 vel
450 1934 471 1955 a
504 1924 696 1956 manibus
735 1924 875 1964 profi-

234 1969 421 2000 ciscens.
449 1970 508 2000 Ac
526 1969 678 2010 pedum
704 1970 875 2010 quidem

233 2014 444 2046 celeritas
485 2015 687 2046 cernitur
725 2016 766 2046 in
809 2025 875 2055 e0‚

232 2063 279 2089 ut
310 2059 461 2099 fugere
485 2069 534 2091 ac
556 2056 767 2100 'persequi
800 2060 875 2091 ali-

233 2114 280 2135 os
306 2106 545 2144 possimus;
570 2105 716 2136 altera
736 2110 875 2136 autem

236 2148 418 2190 (manuum
446 2149 618 2191 celeritas)
644 2154 708 2182 est
734 2160 875 2191 pugna

233 2198 275 2224 et.
299 2194 538 2226 conflictio
562 2195 605 2225 in
631 2197 872 2234 congressi-

233 2240 336 2278 bus,
361 2239 443 2278 (ubi
467 2249 588 2271 manus
614 2240 870 2281 conseruntur),

234 2293 334 2325 quae
369 2285 452 2315 vim
485 2292 525 2316 et
551 2284 685 2316 robur
723 2290 871 2325 postu-

234 2330 305 2361 lat.
359 2329 454 2360 Male
486 2329 571 2362 haec
604 2340 743 2371 quoque
767 2340 870 2371 expe-

233 2374 322 2405 divit
345 2374 517 2415 Anius,
548 2385 649 2416 quem
674 2385 736 2407 nec
760 2375 868 2407 offen-

233 2420 315 2451 dere
348 2419 495 2451 debebat
526 2420 726 2452 coniunctio
758 2421 869 2452 nomi-

232 2474 313 2496 num
338 2462 456 2504 ἰσχύος
471 2465 524 2496 καὶ
551 2460 675 2506 ῥώμης,
700 2475 771 2506 qua
788 2475 866 2506 pro-

234 2510 323 2541 fecto
347 2507 444 2541 nihil
460 2515 511 2542 est
523 2508 666 2542 Graevis
693 2511 867 2542 usitatius.

233 2554 343 2586 Plat.
371 2554 489 2596 Symp.
515 2565 547 2595 p
566 2555 644 2589 190.
667 2555 707 2608 Β
734 2550 775 2597 ἦν
802 2567 866 2588 ουι

234 2597 291 2639 τὴν
316 2598 413 2639 ίσχὺι
438 2599 530 2632 δεινὰ
563 2601 615 2632 καὶ
650 2598 707 2642 τὴν
741 2598 863 2642 ῥώμην,

232 2645 287 2675 ubi
318 2657 344 2675 v,
373 2656 452 2677 ann.

995 1246 1191 1288 καθάπερ
1227 1247 1321 1288 νῦν]
1355 1248 1487 1280 sicuti
1515 1253 1580 1280 no·

947 1294 1058 1325 stris
1089 1294 1192 1325 fieri
1230 1294 1343 1325 solet
1381 1294 1579 1334 tempori-

947 1338 1036 1370 bus.
1074 1357 1116 1362 —
1153 1340 1350 1378 παρακαλεῖ,
1400 1339 1461 1373 fut.
1505 1340 1579 1371 Att.

944 1384 1223 1424 provocabit.
1287 1384 1408 1425 ψιλῷ,
1445 1385 1579 1415 armis

944 1439 1035 1460 non
1062 1430 1309 1461 instructo.÷

992 1474 1159 1514 πρῶτος
1193 1473 1235 1504 δὲ
1269 1474 1456 1505 εἴςεισιν
1489 1470 1507 1503 0'
1534 1470 1575 1503 to*

945 1516 1127 1550 στάδιον
1154 1518 1207 1562 --]
1242 1518 1403 1550 Primus
1435 1523 1578 1550 autem

943 1565 1224 1604 ingredietur
1250 1564 1400 1606 quide
1433 1562 1601 1607 stadio·
1635 1601 1638 1604 ¹

942 1613 1199 1640 certaturus
1236 1614 1302 1640 est
1345 1610 1476 1640 armis
1519 1610 1578 1639 in·-

943 1654 1091 1692 dutus;
1137 1654 1376 1692 secundus,
1405 1650 1493 1694 ⁴qui
1529 1654 1577 1684 de

943 1697 1090 1730 diaulo
1134 1704 1197 1731 eto.
1261 1699 1384 1738 Itaque
1421 1703 1575 1739 apertum

943 1747 1010 1782 est,
1046 1742 1081 1774 δὲ
1111 1749 1204 1775 recte
1230 1744 1320 1781 dici,
1359 1753 1468 1784 neque
1499 1753 1575 1774 eum

945 1789 1078 1819 Aetio
1126 1789 1161 1819 in
1210 1785 1251 1828 δὴ
1299 1788 1576 1820 commutandum

943 1843 1031 1865 esse.
1060 1852 1099 1856 —
1144 1831 1404 1872 Σταδιοδρόμος
1429 1838 1481 1864 est
1505 1843 1576 1864 0m÷

943 1879 1044 1918 nino,
1087 1879 1230 1919 quiin
1264 1878 1411 1909 stadio
1445 1888 1576 1909 cursu

944 1929 1102 1962 certat3
1126 1925 1183 1964 qui
1211 1925 1348 1964 quidem
1368 1925 1471 1954 etiam
1498 1933 1573 1954 οτα-

944 1966 1037 2000 διειίε
1074 1973 1107 2000 et
1144 1967 1281 2000 σεαδιάς
1316 1969 1577 2009 appellabatur3

946 2024 975 2046 v.
1017 2014 1176 2045 Pollux
1223 2013 1346 2045 Onom.
1381 2013 1448 2044 ΙΙΙ.
1495 2013 1573 2047 146.

944 2057 1075 2091 Statuit
1087 2064 1201 2091 autem
1214 2059 1327 2098 Plato,
1336 2059 1575 2090 consentiente

945 2104 1098 2143 Polluce,
1119 2105 1238 2137 habita
1261 2104 1419 2135 curriculi
1439 2105 1575 2135 ratione

942 2155 1106 2190 quattuor
1142 2160 1260 2182 cursus
1291 2149 1415 2180 armati
1446 2159 1575 2189 genera

941 2195 1139 2227 certaminis
1162 2195 1315 2236 praemio
1340 2194 1464 2234 digna,
1496 2191 1571 2224 στά-

942 2238 1032 2277 διον,
1066 2239 1218 2277 δίαυλον,
1254 2237 1433 2278 ἐφίππιον,
1470 2243 1574 2280 atque

941 2282 1084 2325 δόλιχον.
1139 2285 1228 2317 Nam
1256 2285 1313 2327 eiL
1331 2284 1389 2324 qui
1416 2284 1490 2314 sine
1519 2294 1573 2315 ar-

910 2336 912 2338 “
939 2331 1004 2362 mis
1030 2331 1236 2361 curriculum
1254 2329 1480 2370 ingrediatur,
1497 2330 1571 2360 nul-

936 2376 1004 2406 lum
1034 2376 1222 2416 praemium
1238 2374 1501 2414 proponendum
1518 2384 1570 2406 ar-

938 2420 1096 2453 bitratur.
1145 2420 1192 2451 Et
1216 2416 1354 2451 στάδιον
1379 2419 1516 2459 quidem
1543 2430 1569 2450 s.

936 2463 1065 2506 δρόμος
1100 2465 1296 2505 dicebatur,
1343 2474 1447 2504 quum
1493 2464 1570 2505 quis

936 2512 1039 2542 semel
1066 2510 1101 2541 in
1126 2510 1240 2541 stadio
1271 2509 1496 2550 decurrebat3
1522 2506 1568 2540 δι’-

934 2556 1038 2587 avios
1062 2559 1150 2594 erat,
1175 2565 1278 2595 quum
1301 2564 1458 2586 eui-sores
1480 2554 1567 2585 idem

933 2601 1082 2632 stadium
1118 2600 1170 2631 bis
1205 2599 1476 2637 emetiebantur,
1520 2600 1569 2630 ita

933 2646 1081 2684 quidem,
1107 2651 1143 2675 ut
1161 2646 1269 2676 sicubi
1290 2645 1334 2676 ad
1354 2650 1475 2676 metam
1493 2654 1566 2684 per-
