1644 2886
279 118 359 158 238

622 115 826 157 PLATO
861 114 941 156 DE
974 113 1256 158 LEGIBUS.

277 230 555 287 μακρότατον
589 228 750 284 χρόνον
784 227 1099 286 ἀφωρισμένον,
1136 228 1247 286 κόρῳ
1284 233 1328 273 δὲ
1361 229 1450 273 ἀπὸ
1480 231 1597 285 τριά-

279 313 412 340 κοντα
447 300 567 350 μέχρι
601 297 687 337 τῶν
726 301 850 338 πέντε
895 298 965 338 καὶ
1004 297 1253 351 τριάκοντα.
1291 302 1347 347 εὶς
1383 299 1427 338 δὲ
1461 296 1599 352 ἀρχὰς

280 364 448 417 γυναικὶ
484 363 563 414 μὲν
596 360 946 417 τετταράκοντα,
993 360 1120 416 ἀνδρὶ
1161 364 1204 404 δὲ
1242 363 1477 419 τριάκοντα
1512 367 1596 414 ἔτη.

281 426 390 483 πρὸς
424 426 614 481 πόλεμον
648 429 693 469 δὲ
728 427 855 482 ἀνδρὶ
888 430 966 479 μὲν
1001 427 1132 471 εἴκοσι
1150 433 1271 483 μέχρι
1290 430 1375 471 τῶν
1394 427 1600 480 ἑξήκοντα

280 495 414 536 ἑτῶν·
452 495 620 547 γυναικὶ
659 495 726 544 δέ,
780 491 834 545 ἢν
862 489 925 535 ἂν
962 496 1066 554 δοκῇ
1097 498 1246 550 χρείαν
1280 498 1369 537 δεῖν
1399 497 1599 551 χρῆσθαι

281 558 391 614 πρὸς
434 557 486 601 τά
525 557 755 614 πολεμικοί,
799 559 973 602 ἐπειδὰν
1009 562 1168 610 παῖδας
1202 561 1408 620 γεννήσῃ,
1445 561 1492 604 τὸ
1530 564 1594 603 δυ-

281 625 418 668 νατὸν
465 628 536 667 καὶ
581 630 746 679 πρέπον
792 625 994 675 ἑκάσταις
1037 627 1319 681 προςτάττειν
1361 632 1480 683 μέχρι
1517 629 1602 669 τῶν

281 690 552 744 πεντήκοντα
586 693 704 733 ἐτῶν.

327 819 394 851 εἰς
423 817 469 851 δὲ
493 815 624 860 ἀρχὰς
647 820 822 861 γυναικὶ
845 820 915 860 μὲν

284 878 310 897 τ.
337 884 381 890 -
404 863 494 906 ἔτη]
533 865 663 898 Quales
696 865 915 906 magistratus

282 910 467 951 intelligat,
499 910 622 951 quibus
656 911 757 942 etiam
792 912 914 943 mulie-

282 966 338 989 res
370 955 575 996 fungantur,
615 956 743 987 clarum
787 960 841 987 est
874 966 915 988 ex

282 1000 530 1043 superioribus,
555 999 613 1031 ubi
633 1000 830 1032 mulieribus
855 1011 915 1033 no-

284 1056 402 1080 vorum
428 1050 611 1086 nuptorum
631 1045 788 1077 custodia
813 1050 916 1087 atque

282 1102 362 1125 cura
374 1093 527 1132 itemque
540 1090 814 1124 sacerdotiorum
828 1101 914 1132 quo-

281 1137 426 1170 rundam
449 1135 703 1168 administratio
739 1141 791 1168 est
819 1147 912 1168 com-

283 1184 400 1216 missa.
449 1180 553 1215 Quod
590 1190 632 1212 ne
661 1181 703 1213 ab
731 1181 912 1214 Athenien-

282 1229 369 1261 sium
407 1226 545 1268 quidem
578 1227 732 1258 moribus
764 1228 911 1260 alienum

284 1277 347 1306 est.
397 1271 499 1311 Quod
530 1281 610 1303 vero
641 1273 809 1304 neminem
842 1274 914 1305 vult

282 1322 361 1351 ante
385 1318 597 1350 tricesimum
631 1318 756 1350 aetatis
788 1327 910 1350 annum

283 1363 378 1406 fungi
402 1365 520 1404 aliquo
545 1363 768 1404 magistratu,
793 1364 913 1396 simili-

283 1412 336 1443 ter
362 1409 501 1441 Athenis
527 1417 630 1439 nemo
656 1412 790 1450 poterat
814 1418 911 1441 sena-

283 1455 368 1487 toris
395 1459 455 1486 aut
466 1453 591 1485 iudicis
611 1453 811 1495 dignitatem
838 1454 909 1486 adi-

282 1500 389 1542 pisci,
412 1500 479 1531 nisi
502 1500 562 1539 qui
589 1499 693 1531 istum
719 1500 830 1540 ipsum
856 1510 912 1532 ae-

282 1546 365 1577 tatis
413 1545 595 1577 terminum
648 1545 833 1585 attigisset.
881 1555 912 1576 v.

283 1589 506 1622 Hermann.
543 1589 731 1630 Antiquitt.
770 1589 832 1621 Gr.
880 1590 910 1630 §.

328 1724 504 1766 γυναικὶ
541 1721 600 1764 δέ,
641 1720 688 1764 ἢν
721 1720 770 1755 ἂν
805 1722 911 1764 δοκῇ

283 1769 364 1812 χρ.]
402 1779 669 1810 quocunque
700 1767 824 1801 modo
856 1770 909 1801 vi-

283 1825 371 1847 sum
418 1814 559 1847 fuerit
606 1824 693 1846 eam
741 1813 791 1846 ad
845 1825 911 1847 res

284 1860 472 1893 bellicas
502 1858 706 1892 adhiberi
737 1864 909 1900 oporte-

981 821 1300 861 re,imperant0
1324 822 1363 854 id
1388 822 1496 864 quod
1523 833 1599 855 mu-

982 867 1134 898 lierum
1170 866 1333 897 viribus
1373 873 1414 900 et
1454 867 1602 900 decori

980 912 1040 944 sit
1081 915 1435 946 consentaneum.
1499 913 1601 947 Quod

981 957 1140 988 mulieres
1172 966 1305 997 quoque
1335 958 1436 989 rebus
1472 959 1602 990 bellicis

981 1001 1189 1039 immiscuit,
1221 1002 1357 1034 videtur
1383 1002 1601 1045 philosophus

981 1047 1158 1078 Lacaenas
1195 1046 1239 1077 ob
1273 1049 1392 1080 oculos
1426 1049 1600 1088 habuisse,

981 1092 1024 1123 de
1052 1092 1174 1133 quibus
1203 1090 1360 1125 Ci‘cero
1392 1093 1532 1126 Tuscul.
1558 1093 1598 1125 ΙΙ.

980 1135 1034 1171 14.
1082 1136 1238 1179 ltaque
1262 1138 1354 1179 illi,
1377 1140 1448 1178 qui
1473 1139 1599 1171 Grae-

980 1183 1078 1214 ciae
1100 1182 1273 1214 formam
1302 1193 1440 1216 rerum
1466 1185 1600 1225 publi·

980 1236 1119 1259 carum
1154 1226 1386 1268 dederunt,
1418 1239 1602 1270 corpora

979 1275 1183 1305 iuvenum
1240 1272 1406 1306 firmari
1456 1275 1603 1307 labore

977 1318 1236 1350 voluerunt:
1268 1319 1380 1358 quod
1409 1320 1601 1361 Spartia-

980 1368 1049 1396 tae
1103 1364 1233 1395 etiam
1288 1365 1334 1396 in
1381 1363 1601 1397 feminas

979 1409 1323 1448 transmit-,tunm
1353 1419 1464 1450 quae
1488 1413 1599 1441 cete-

979 1454 1039 1486 ris
1062 1454 1102 1485 in
1124 1453 1310 1485 urbibus
1336 1455 1601 1486 mollissimo

980 1500 1098 1531 cultu
1122 1499 1328 1540 parietum
1351 1500 1511 1531 umbris
1534 1509 1601 1531 oc-

979 1546 1198 1576 culuntur.
1253 1543 1328 1575 ΙΙΙί
1357 1549 1499 1577 autem
1534 1554 1600 1576 vo-

980 1591 1155 1622 {uerunt
1191 1588 1344 1628 „Nihil
1380 1590 1524 1622 hortum
1549 1588 1602 1622 si-

978 1633 1070 1666 mile.
1103 1643 1200 1665 esse
1236 1634 1349 1674 apud
1381 1634 1606 1667 Lacaenas

978 1679 1197 1720 virgines:
1228 1678 1415 1719 ‘Quibus
1466 1679 1603 1722 magis

977 1724 1225 1767 palaestra,
1285 1723 1462 1763 Eurota,
1520 1724 1600 1762 sol,

978 1769 1159 1812 pulvis‚-
1182 1768 1319 1808 labar,
1363 1768 1526 1801 militia
1562 1769 1602 1801 in

979 1814 1122 1846 studio
1162 1817 1243 1853 est,
1285 1823 1404 1855 qnam
1436 1813 1599 1855 fertili-

979 1864 1041 1893 tas
1065 1859 1291 1892 barbara.“
