1644 2886
179 103 264 146 DE
296 98 570 145 LEGIBUS
602 97 721 141 LIB.
753 96 836 139 VI.
869 95 919 138 P.
955 99 1048 140 781.
1083 95 1178 138 782.
1212 92 1278 136 St.
1338 92 1421 135 223

78 226 122 268 δὲ
159 223 319 279 μηδὲν,
367 219 447 264 ἐὰν
480 218 585 275 ὑμῖν
619 215 803 261 ἄνωθέν
843 216 993 259 ποθ-εν
1027 221 1255 271 ἐπιχειρεῖν
1289 212 1424 267 δόξω·

77 292 237 348 σχολῆς
272 288 359 345 γὰρ
392 286 684 343 ἀπολαύομεν
722 285 794 326 καὶ
833 281 964 326 οὐδὲν
999 281 1117 339 ἡμᾶς
1151 284 1240 326 ἐστὶ
1275 279 1327 325 τὸ
1348 299 1424 325 κοι-
1454 284 1492 327 Ε

79 367 278 412 τεπεῖγον
314 354 366 400 τὸ
399 353 460 412 μὴ
498 354 642 414 πάντῃ
677 350 855 401 πάντως
887 359 1066 395 σκοπεῖν
1100 351 1155 394 τὰ
1194 353 1291 405 περὶ
1327 349 1431 400 τοὺς

80 428 256 483 νόμους.
1296 433 1298 435 ’

182 494 286 536 ΚΛ.
352 490 524 545 Ὀρθῶς
560 489 748 544 εἴρηκας.

184 560 282 605 ΑΘ.
350 559 501 601 Πάλίν
547 561 697 599 τοίνυν
741 556 809 598 ἐπὶ
856 552 911 595 τὰ
951 554 1104 607 πρῶτοι
1143 552 1431 610 ἐπαναχωρή-

81 644 222 683 σωμεν
269 629 502 681 λεχθέντα.
551 618 597 668 εὖ
642 623 728 680 γὰρ
777 620 830 673 δὴ
879 621 929 664 τό
975 637 1023 672 γε
1070 622 1292 664 τοσοῦτον
1340 619 1425 678 χρὴ

83 693 216 739 πάντ’
258 692 402 748 ἄνδρα
438 694 660 745 ξυννοεῖν,
695 690 754 741 ὡς
789 688 814 741 ἡ
852 691 937 730 τῶν
971 686 1235 743 ἀνθρώπων
1269 693 1431 743 γένεσις

84 762 111 817 ἢ
146 760 197 806 τὸ
233 761 452 817 παράπαν
471 757 615 815 ἀρχὴν
633 759 844 813 οὐδεμίαν
867 757 1033 811 εἴληχεν
1070 754 1166 799 οὐδ’
1208 755 1287 807 ἕξει
1325 762 1431 800 ποτέ

86 849 131 885 γε
165 829 390 881 τελευτήν,
434 827 534 870 ἀλλ’
589 821 644 879 ἦν
693 842 738 869 τε
784 823 852 903 ἀτεὶ
887 826 959 867 καὶ
995 827 1115 868 ἔσται
1150 822 1352 875 πάντως,
1404 822 1430 876 ἢ

85 897 223 955 μῆκός
258 914 299 939 τι
338 899 416 949 τῆς
449 895 606 952 ἀρχῆς,
642 892 721 954 ἀφ
767 885 819 935 οὗ
855 897 1055 947 γέγονεν,
1106 891 1341 948 ἀμήχανον
1376 892 1434 935 ἄν

85 965 246 1023 χρόνον
277 963 388 1008 ὅσον
423 964 603 1018 γεγονὸς
638 958 695 1004 ἂν
732 960 811 1012 εἴη.

151 1030 154 1034 ’
195 1034 291 1078 ΚΛ
367 1033 419 1074 Τι’
453 1030 540 1086 μήν

194 1102 291 1143 ΑΘ.
367 1102 418 1141 Τι’
462 1115 566 1148 ουν;
606 1095 774 1140 πόλεων
821 1094 1052 1144 συστάσεις
1106 1098 1179 1138 καὶ
1232 1095 1434 1154 φθοράς,

91 1187 162 1211 και
211 1166 532 1221 ἐπιτηδεύματα
575 1173 766 1208 παντοῖα
823 1161 983 1214 τάξεώς
1026 1180 1070 1206 τε
1112 1161 1185 1206 κἀὶ
1238 1164 1438 1218 ἀταξίας,

184 1298 471 1341 ἆλλοθιμέν,
496 1292 1437 1341 nspsnovJAfflvfbracdox

93 1341 204 1388 οἷ.περ
233 1344 428 1378 Bekkerus:
455 1359 471 1376 u
501 1356 573 1387 περ.
623 1343 884 1375 scribendum
876 1344 1000 1384 ὡνηρ.
1027 1353 1057 1373 v.
1087 1352 1197 1375 enarr.

94 1462 172 1491 runt
202 1455 389 1490 Fiihsius
419 1456 503 1499 Syll.
530 1467 562 1499 p.
589 1455 668 1491 387.
695 1461 730 1488 et
769 1445 771 1448 ⁴

95 1504 268 1543 Aetius,
297 1503 357 1545 qui
387 1513 449 1545 pro
473 1502 584 1543 α’-ιυχῆ
611 1504 729 1546 legen·

97 1551 178 1584 dum
204 1554 413 1582 censuerunt
436 1547 554 1590 ἀτελῆ.

141 1597 227 1638 Cap.
252 1595 369 1629 XXII.
407 1594 664 1638 θαυμάσητε
688 1595 734 1627 δὲ

95 1643 225 1687 μηδὲν
237 1642 297 1685 -]
322 1642 435 1675 Recte
449 1641 608 1684 profecto
625 1642 730 1674 Allie—

96 1689 223 1722 niensis
249 1693 391 1721 excusat
409 1689 653 1730 disputationis
677 1689 727 1720 fu-

96 1742 196 1768 turae
221 1735 503 1777 amplitudinem,
530 1745 620 1776 quae
643 1735 733 1768 adeo

97 1792 158 1825 per
187 1781 354 1823 ambages
387 1781 550 1823 deinceps
586 1782 738 1821 ducitur,

98 1834 136 1861 ut
159 1837 325 1870 quorsum
361 1827 509 1868 denique
541 1829 586 1860 sit
604 1828 735 1860 'evasu-

99 1886 150 1914 ra,
175 1875 231 1906 vix
255 1873 431 1915 quisquam
459 1874 627 1915 suspicari
655 1884 737 1916 pos-

100 1922 154 1955 sit.
202 1919 368 1952 Nimirum
396 1924 450 1952 est
474 1919 526 1952 hic
549 1921 656 1960 locus,
682 1921 738 1961 qui

99 1966 278 2008 sequitur,
304 1965 462 2007 profecto
492 1968 525 1998 in
551 1966 593 1997 iis
618 1975 737 1998 nume-

49 2051 52 2054 ,
99 2012 246 2050 raudus,
273 2013 332 2053 qui
359 2023 422 2054 pro
448 2013 557 2045 minus
583 2012 737 2044 elabora-

100 2061 145 2092 tis
175 2059 297 2092 haberi
330 2058 490 2092 debeant.
548 2060 740 2099 Argumen-

101 2112 173 2138 tum
208 2106 284 2138 eius
316 2115 421 2148 supra
444 2105 645 2144 retulimus,
682 2105 740 2137 ubi

103 2162 190 2194 quse
215 2153 452 2193 exposuimus,
484 2161 549 2184 non
574 2151 741 2184 inutiliter

104 2199 409 2240 comparabuntur.

149 2243 190 2277 E.
239 2243 284 2276 τὸ
317 2243 373 2288 μὴ
407 2242 547 2289 πάντῃ
571 2243 739 2282 πάντως

105 2292 182 2333 σι]
218 2290 295 2323 Nos
320 2291 486 2325 dicimus.
513 2291 589 2323 auf
612 2291 735 2332 iegli-

105 2336 219 2370 licite
255 2337 334 2370 Art
367 2349 400 2370 u.
441 2337 592 2380 WVeise,
634 2337 738 2369 simili

108 2387 202 2416 certe
231 2385 399 2417 orationis
431 2384 600 2416 ubertate.
632 2394 663 2415 v.
690 2383 740 2415 in-

111 2427 159 2460 fra
185 2439 217 2471 p.
242 2429 321 2464 801.
347 2432 392 2462 A.
426 2430 576 2463 I'iiaedr.
603 2441 635 2472 p.
660 2429 741 2464 246.

101 2477 153 2506 A.
179 2473 293 2508 Psi-m.
323 2487 357 2518 p.
387 2477 466 2512 160.
495 2477 535 2509 Β.
583 2477 743 2519 Interpo-

113 2520 180 2552 sito
202 2522 260 2551 un!
281 2522 403 2563 iegitur
432 2523 545 2566 πάντῃ
573 2523 629 2554 καὶ
659 2521 745 2555 πάν·

111 2577 180 2602 τως
205 2567 262 2600 vel.
281 2566 412 2606 univ-zm,-
435 2569 490 2600 καὶ
503 2568 613 2612 πάντῃ
638 2569 743 2610 Reip.

112 2612 172 2644 Vi.
198 2623 231 2655 p.
255 2612 334 2647 490.
361 2617 400 2646 A·
423 2614 560 2649 Phileb.
578 2627 610 2659 p.
631 2616 685 2651 60.
704 2614 743 2647 C.

114 2658 158 2691 ιΙ.
204 2658 304 2692 Talis
320 2662 427 2703 nuper
465 2662 640 2704 iligentius
666 2672 744 2705 per-

117 2709 286 2739 scrutatus
314 2711 368 2740 est
393 2705 452 2739 Lo
489 2709 648 2742 eckius
674 2709 744 2742 Pa-

800 1457 956 1498 ralipom.
989 1456 1015 1488 l.
1050 1466 1083 1497 p.
1117 1456 1163 1491 56
1187 1467 1261 1498 sqq.
1297 1458 1355 1490 nbi
1386 1463 1438 1490 ta—

800 1513 877 1534 men
909 1503 1039 1534 omissa
1070 1507 1151 1534 sunt
1178 1504 1291 1543 quialia
1319 1505 1440 1546 legun·

799 1554 854 1581 tur
881 1548 989 1590 Legg.
1018 1548 1075 1581 111.
1098 1559 1132 1591 p.
1158 1549 1238 1584 681.
1266 1551 1311 1582 D:
1344 1549 1439 1583 οὕτω

799 1594 858 1626 καὶ
882 1594 1015 1639 ταύτῃ,
1046 1595 1138 1636 quod
1166 1598 1313 1629 recurrit
1337 1599 1439 1630 etiam

799 1641 896 1674 Libr.
931 1642 987 1674 lv.
1023 1652 1056 1683 p.
1090 1642 1170 1677 714.
1205 1643 1245 1675 D.
1282 1650 1317 1677 et
1353 1644 1438 1676 κατὰ

799 1686 912 1720 ταύτὰ
946 1687 1001 1719 καὶ
1033 1688 1147 1734 ταύτῃ
1185 1688 1280 1722 Libr.
1321 1691 1372 1724 Vl.
1408 1703 1439 1733 p.

801 1734 879 1769 765.
906 1734 945 1767 B.
972 1736 1015 1768 al.

850 1803 923 1835 ἐπὶ
954 1802 1002 1835 ’ιᾶ
1045 1808 1188 1846 πρῶτα
1227 1805 1444 1848 ἐπαναχω-

805 1849 1020 1892 ρήσωμεν]
1061 1850 1279 1893 Explicatum
1317 1851 1361 1884 de
1395 1851 1446 1884 iiis

805 1899 859 1927 est
896 1895 994 1928 Libr.
1026 1896 1083 1929 ln.
1125 1908 1157 1940 p.
1190 1897 1269 1932 676.
1309 1901 1333 1929 Α
1368 1908 1442 1939 sqq.

808 1943 927 1974 Astii
955 1942 998 1974 de
1017 1943 1129 1975 verbis
1147 1944 1370 1984 sequentibus
1388 1954 1445 1976 su-

805 1990 980 2030 spiciones
1028 1990 1166 2022 silentio
1209 1991 1445 2024 transmisisse

803 2034 944 2067 iuvabit.

856 2103 895 2136 P.
931 2103 1010 2138 782.
1070 2107 1122 2138 Τι’
1148 2101 1242 2145 οὖνς
1281 2105 1444 2138 πόλεων

807 2149 1040 2188 συστάσεις
1069 2153 1139 2194 ——J
1173 2152 1273 2184 Hunc
1305 2162 1444 2194 quoque

804 2198 917 2230 locum
951 2198 1095 2232 meliore
1129 2199 1312 2232 verborum
1339 2200 1445 2232 inter-

804 2243 992 2286 punctione
1027 2245 1186 2279 videmur
1211 2256 1231 2278 a
1255 2245 1446 2278 dubitatio—

807 2291 905 2322 nibus
953 2292 1148 2326 criticorum
1203 2292 1444 2325 vindicavisse.

807 2336 893 2369 Nam
942 2337 1052 2370 istud:
1108 2338 1178 2370 καὶ
1227 2338 1446 2382 βρώσεως,

808 2384 938 2416 multos
979 2394 1193 2427 magnosque
1229 2385 1319 2427 apud
1367 2386 1448 2417 illos

809 2430 972 2462 excitavit
1009 2430 1263 2465 dubitationum
1309 2431 1446 2464 fluctus.

814 2478 861 2508 Ac
885 2477 1018 2517 primus
1039 2478 1176 2519 quidem
1194 2478 1309 2511 extitit
1336 2480 1360 2509 Α
1375 2479 1447 2510 sti-

810 2532 880 2562 us,
912 2524 968 2563 qui
1004 2524 1085 2556 illud
1111 2524 1317 2557 eiiciendum
1346 2528 1447 2566 puta—

812 2573 865 2600 ret
899 2574 960 2601 aut
988 2571 1105 2612 potius
1140 2571 1173 2603 in
1207 2569 1320 2613 πλήρη
1350 2580 1447 2604 com-

813 2619 979 2648 mutatum
1013 2618 1129 2650 vellet.
1175 2616 1288 2651 Quem
1321 2627 1446 2659 sequu-

812 2666 869 2693 tus
899 2663 1099 2695 Oreilius
1134 2663 1216 2696 olim
1247 2662 1305 2695 καὶ
1337 2661 1429 2708 ἀφρο

811 2706 926 2742 δισίων
949 2710 1052 2742 iussit
1074 2710 1107 2743 in
1133 2711 1206 2743 eius
1225 2711 1338 2744 locum
1363 2710 1446 2744 sub-

1463 759 1544 801 782
