1644 2886
214 85 294 129 DE
326 81 602 128 LEGIBUS
631 81 751 125 LIB.
783 80 864 124 VI.
894 81 942 124 P.
977 80 1071 123 783.
1102 78 1167 123 St.
1302 77 1382 120 231

43 223 176 260 τητα,
212 203 423 256 τάξαντες
458 200 599 252 αὐτά,
641 201 917 255 ἐπίπροσθεν
959 197 1267 254 ποιησόμεθα,
1310 197 1383 240 καὶ

42 274 150 330 ὅπερ
187 269 365 331 ἐρῥήθη
399 271 482 313 νῦν
519 268 596 323 δή,
641 264 947 328 κατοψόμεθά
984 283 1028 311 τε
1058 264 1175 310 αὐτὰ
1211 263 1384 320 ἀκριβέ-

44 357 200 399 στερον
235 336 408 396 μᾶλλόν
444 353 490 381 τε
525 335 630 386 τούς
657 334 966 393 προςήκοντας
985 332 1140 384 αὐτοῖς
1172 334 1244 376 καὶ
1285 335 1385 388 πρέ·

45 426 212 458 ποντας
245 404 408 461 νόμους
439 401 497 448 ἂν
533 406 732 459 θείημεν.

149 476 249 518 ΚΛ.
314 470 575 528 Ὀρθότατα
611 473 757 525 λέγεις.

148 543 246 585 ΑΘ.
319 537 587 596 Ψυλοὶξωμεν
631 541 783 582 τοίνυν
828 538 878 597 τῇ
920 535 1070 595 μνήμῃ
1116 534 1171 576 τά
1218 534 1300 576 νῦν
1335 531 1386 583 δὴ

45 613 283 666 λεχθέντα·
345 607 445 658 ἰ’σως
501 605 587 661 γὰρ
630 609 779 662 χρείαν
830 603 931 647 ποτ’

44 679 207 734 ἕξομεν.

49 832 235 866 desiderio.
263 842 294 863 v.
322 833 465 861 enarrat.

48 883 83 913 et
106 889 214 920 marg.
243 882 282 910 Α.
306 876 355 907 Ω.

136 923 279 966 μόνων
316 917 572 963 γίγνεσθαι]
616 919 676 953 Sic
709 920 791 952 Par.
824 921 870 952 A.
910 928 1019 961 marg.

992 601 1050 645 αὑ
1058 604 1142 644 τῶν
1210 599 1389 643 πάντων

497 845 527 852 -
586 829 675 862 Dein
699 828 745 864 εἰς
770 833 850 862 ante
873 826 936 864 τὰς
961 825 1126 860 τοιαύτας
1153 835 1222 857 om.
1247 835 1277 859 v.
1305 826 1336 856 h.
1364 835 1388 859 r.

1074 917 1275 959 Legebatur
1309 921 1391 950 ante

50 972 249 1005 Bekkerum
274 966 393 1011 μόνον.
444 966 528 999 Dein
555 965 656 998 Voss
683 976 715 999 x
742 965 893 998 αὐτοῖσι.
944 965 1107 997 Ceterum
1135 963 1191 996 de
1206 963 1391 997 emendata

50 1019 115 1052 ioci
140 1013 414 1059 interpunctione
436 1023 468 1045 v.
494 1011 593 1045 infra.

53 1131 165 1168 Atque
190 1124 274 1158 haec
299 1123 438 1165 quidem
464 1124 507 1157 de
532 1124 690 1157 universa

51 1171 209 1217 periodo.
250 1170 438 1203 Videamus
453 1170 601 1212 denique
625 1171 690 1203 eti-

51 1229 107 1252 am
135 1218 178 1250 de
204 1216 358 1258 singuiis.
411 1218 528 1259 ltaque
543 1217 689 1258 προς-μί·

53 1265 170 1301 &arne
194 1262 315 1300 αὐτοῖς
337 1261 489 1306 ἐγγύθεν
513 1267 584 1296 est:
616 1262 688 1295 ubi

54 1310 239 1354 propius
270 1308 322 1340 ad
353 1320 401 1342 ea
437 1308 688 1342 accesseri-

55 1366 156 1391 mus.
199 1354 334 1387 Politic.
373 1366 404 1398 p.
436 1354 515 1390 290.
550 1354 592 1387 Cz
638 1354 688 1386 ἔτι

54 1400 289 1446 προςμίξωμεν
319 1400 502 1444 ἐγγύτερον
528 1399 582 1433 ἐπὶ
606 1399 690 1439 τοὺς

53 1447 153 1491 μήπω
198 1448 360 1489 βεβασανι
350 1450 516 1503 ισμένους.
564 1447 620 1479 ubi
657 1457 689 1479 v.

53 1504 131 1528 111111.
157 1498 323 1526 nostram.
351 1493 420 1526 Pro
438 1489 558 1529 αὐτοῖς
575 1493 688 1525 Asti-

54 1550 100 1573 us
142 1538 292 1572 maiebat
331 1538 435 1571 αὗται
425 1543 476 1581 ῖς,
515 1539 575 1572 int.
617 1542 693 1576 ταῖς

54 1586 257 1621 κοινωνίαις.
311 1584 479 1619 Nimirum
517 1585 693 1628 praeteriit

55 1633 180 1675 ipsum,
197 1630 287 1673 qnod
305 1631 590 1665 animadvertisse
606 1641 690 1673 ope-

8 1715 12 1718 ,
55 1689 115 1712 rae
148 1678 297 1720 pretium
331 1682 403 1719 est,
444 1678 550 1711 verba
587 1687 692 1720 supe-

55 1726 164 1758 riora:
189 1722 248 1766 α’φι
253 1722 394 1765 πιόμενοι
416 1724 461 1760 εἰς
485 1724 548 1761 τὰς
571 1721 693 1756 τοιαύ-

57 1783 120 1807 τας
144 1782 262 1801 nomon*
248 1771 339 1810 ν,1ας
372 1771 474 1803 veluti
504 1780 567 1813 per·
591 1779 691 1802 occa—

58 1817 190 1849 sionem
227 1817 384 1849 vocabuli
433 1814 487 1847 “m
525 1817 692 1858 interpre-

59 1861 156 1896 tandi
205 1862 316 1904 gratia
366 1862 547 1894 interiecta
601 1872 694 1902 esse,

60 1909 212 1950 ideoque
259 1904 380 1946 αὐτοῖς
426 1909 556 1951 pariter
591 1912 694 1949 atque

60 1955 223 1996 deinceps
247 1951 363 1985 αὐτῶν
387 1958 422 1986 et
444 1952 536 1986 αὐτά
561 1952 602 1985 ad
619 1964 693 1997 sys-

60 2000 135 2034 sitia
160 2004 319 2041 tanquam
346 2009 470 2032 nomen
494 1999 693 2042 primarium

62 2046 196 2080 referri.
251 2046 381 2078 Porro:
412 2044 453 2077 τὰ
479 2046 696 2089 ἐπίπροσθεν

63 2091 178 2125 αὐτῶν
210 2096 305 2124 sunt:
336 2102 444 2133 quae
475 2095 572 2124 ante
605 2102 695 2134 sys-

65 2139 169 2172 sitia
218 2139 465 2171 constituta
505 2142 546 2171 et
593 2138 696 2180 iegi-

66 2186 141 2217 bn·
165 2183 356 2217 definita
389 2194 495 2217 esse
525 2183 697 2225 debent,

66 2231 202 2272 iisque
226 2232 360 2264 veluti
386 2229 571 2264 obtendi.
599 2230 699 2263 Haec

67 2287 148 2309 vero
172 2275 258 2310 dicit
284 2278 370 2310 velie
396 2287 473 2310 sese
499 2275 699 2309 ordinare

69 2327 104 2356 et
134 2321 347 2363 ἐπίπροσθεν
376 2325 574 2361 ποιεῖσθαι,
612 2322 641 2354 b.
667 2333 697 2356 e.

69 2375 267 2410 tauquam
313 2368 607 2402 obtendere
653 2379 699 2401 ac

72 2417 351 2455 praetexere.
408 2415 467 2447 Sic
500 2415 588 2447 enim
617 2413 701 2447 haec

73 2460 309 2500 intelligenda,
347 2471 437 2502 quae
473 2462 571 2494 aliter
601 2471 700 2494 ncce—

75 2505 124 2547 pit
169 2505 469 2549 Wyttenbach.
517 2507 559 2539 ad
609 2507 700 2540 Piut.

75 2551 199 2584 Moral.
226 2552 254 2584 1.
279 2562 312 2593 p.
336 2553 471 2589 796.=
487 2554 567 2586 Voi.
595 2554 643 2586 11.
669 2565 699 2596 p.

76 2597 154 2632 109.
180 2597 234 2629 ed.
262 2597 359 2639 Lips.
384 2601 492 2633 iocum
521 2600 570 2632 sic
598 2601 702 2633 inter-

76 2643 274 2684 pretandum
299 2649 411 2678 ratus:
438 2651 480 2678 et
505 2657 570 2685 ea,
594 2656 703 2688 quae

41 2732 54 2743 θ
78 2688 140 2720 his
164 2688 383 2730 officiunt,
412 2693 585 2725 nondum
612 2703 700 2726 con-

759 1124 918 1157 stituta
955 1122 1146 1165 legibus,
1187 1119 1389 1154 ordinan-

758 1174 828 1203 tes
875 1180 923 1203 ex
969 1168 1207 1202 interiectu
1245 1177 1389 1200 remo-

757 1227 775 1247 1·
785 1227 804 1248 e
814 1227 832 1248 a
841 1226 872 1249 m
884 1226 903 1248 u
913 1226 929 1248 s
939 1240 949 1257 ‚
1001 1214 1160 1247 videiicet
1197 1213 1390 1257 posteriore

755 1262 965 1306 ἐπίπροσθεν
998 1261 1030 1293 111
1061 1259 1292 1303 ἀπόπροσθεν
1315 1269 1388 1293 mu-

755 1313 840 1341 tato.
890 1311 936 1341 At
960 1307 1116 1340 nimirum
1141 1306 1256 1340 facete
1280 1309 1317 1339 et
1331 1315 1390 1339 ur·

756 1356 844 1388 bane
880 1355 1032 1396 loquitur
1058 1352 1286 1386 Atheniensis.
1334 1352 1389 1385 Si-

756 1401 893 1444 gnificat
922 1401 1032 1439 enim,
1067 1409 1156 1441 quae
1186 1403 1288 1432 antea
1312 1408 1391 1431 san-

757 1447 878 1480 cienda
923 1447 1058 1489 legibus
1108 1444 1301 1484 videantur,
1351 1455 1391 1478 ea

758 1493 939 1527 mulierum
979 1492 1144 1535 syssitiis,
1183 1496 1306 1533 utpote
1342 1493 1391 1524 rei

758 1540 863 1573 mirae
889 1544 924 1572 et
948 1539 1120 1580 insoiitae,
1148 1543 1309 1580 tanquam
1332 1538 1394 1571 ob-

759 1586 867 1619 tentui
893 1585 979 1618 fore.
1028 1584 1132 1620 Quod
1158 1586 1269 1627 ipsum
1289 1583 1393 1627 signi-

758 1632 839 1665 ficut
860 1631 1071 1676 ἐπίπροσθεν
1095 1634 1298 1672 ποιεῖσθαι,
1323 1640 1393 1673 pu-

759 1677 882 1711 doris
911 1687 1069 1711 caussa
1102 1677 1172 1711 vel
1198 1677 1250 1710 ob
1277 1676 1392 1710 simi-

761 1726 821 1758 les
865 1724 1064 1757 rationes
1115 1723 1283 1765 aliquid
1322 1723 1390 1756 ob-

760 1769 954 1804 tendere.
987 1781 1019 1802 v.
1051 1770 1199 1802 111111.εά
1228 1769 1390 1818 Legg.1.

760 1828 806 1872 p.
820 1816 898 1851 648.
926 1816 966 1849 D.
1021 1816 1175 1857 Denique
1200 1808 1392 1856 proximum

759 1859 850 1895 αᾶτᾶ
883 1867 963 1903 post
986 1860 1223 1904 κατοψόμεθά
1259 1873 1295 1893 τε
1318 1870 1393 1894 rur-

761 1918 818 1941 sus
842 1907 887 1940 ad
910 1906 952 1940 ·ιᾶ
979 1908 1135 1940 συσσίτια
1163 1906 1395 1943 referendum,

760 1964 925 1996 quorsum
975 1957 1112 1995 spectat
1158 1953 1260 1986 etiarn
1302 1953 1394 1995 quod

761 2000 925 2034 continuo
940 1999 1158 2041 subsequitur
1170 1998 1301 2036 αὐτοῖς.
1327 1998 1395 2032 lta-

761 2058 828 2089 que
854 2047 941 2078 haec
966 2045 1104 2088 quidem
1131 2045 1174 2079 de
1197 2046 1265 2078 loci
1293 2046 1396 2078 inter-

764 2093 968 2136 pretatione.
1001 2091 1168 2134 Sequitur
1184 2095 1222 2124 ut
1238 2092 1397 2125 nonnulla

764 2138 926 2172 addenda
955 2137 1024 2170 sint
1054 2138 1097 2171 de
1122 2139 1318 2171 criticorum
1342 2139 1395 2170 iu-

765 2186 884 2225 diciis,
923 2185 981 2226 qui
1026 2185 1058 2217 in
1097 2183 1147 2216 iiis
1184 2194 1398 2227 magnopere

765 2210 995 2266 offenderunt.
1050 2230 1133 2264 Nam
1174 2231 1240 2263 ista
1271 2232 1397 2264 omnia.

766 2289 855 2320 quae
878 2277 958 2310 iude
983 2287 1001 2309 a
1028 2286 1061 2319 Ρ.
1087 2276 1164 2312 783
1191 2277 1230 2309 Β.
1260 2275 1400 2310 Haldwu

768 2326 802 2358 δὲ
842 2323 881 2365 δὴ
914 2327 1056 2366 γένεσιν
1097 2321 1183 2365 μετὰ
1220 2335 1304 2360 τους
1335 2323 1399 2366 yu'-

766 2382 853 2412 μους
883 2379 995 2410 usque
1031 2367 1075 2402 ad
1107 2373 1192 2402 sect.
1228 2370 1268 2402 D.
1317 2368 1400 2401 ΛΘ.

769 2415 907 2456 Καλῶς,
927 2417 1105 2454 leguntur,
1130 2416 1164 2447 in
1191 2419 1273 2448 vett.
1300 2415 1401 2448 codd.

770 2462 857 2494 bene
888 2461 1005 2494 multis
1037 2463 1164 2494 omissa
1191 2461 1317 2501 fuisse,
1351 2467 1402 2494 te-

770 2511 882 2540 statur
907 2507 1082 2540 adnotatio
1112 2507 1320 2549 marginibus
1345 2508 1405 2540 ad-

772 2554 914 2596 scripta:
949 2555 982 2585 lv
1005 2565 1074 2586 τισι
1099 2556 1165 2586 τῶν
1189 2552 1405 2596 ἀντιγράφων

772 2602 910 2643 φέρεται
939 2598 997 2630 καὶ
1035 2602 1160 2631 ταῦτα.
1217 2599 1288 2632 Sed
1327 2610 1404 2643 per-

773 2645 921 2679 suadere
945 2645 1043 2678 nobis
1062 2654 1127 2678 non
1144 2655 1340 2688 possumus,
1365 2658 1405 2681 en

774 2702 839 2726 non
864 2691 928 2735 ipsi
945 2691 1079 2724 Piatoni
1104 2696 1247 2734 accepta
1274 2694 1405 2728 referri.
