1644 2886
202 421 236 460 B

281 110 353 149 10ss
752 113 1128 156 PLATONIS

275 239 317 264 τε
353 228 423 264 καὶ
460 222 707 277 άοξόντων,
752 223 860 275 ὅσας
896 242 940 268 τε
979 228 1120 277 αὑτὰς
1156 227 1265 271 εἶναι
1305 232 1366 272 ὑεῖ
1397 234 1468 274 καὶ
1509 233 1608 288 τρό-

274 305 359 330 πον
415 287 570 330 ὅντινα
626 291 982 344 καθισταμένας·
1038 298 1182 336 ἔπειτα
1238 293 1356 337 οὕτω
1399 296 1452 346 δη
1505 299 1608 347 τούς

274 354 438 405 νόμους
496 361 590 402 ταῖς
637 352 795 408 ἀρχαῖς
839 359 1044 408 ἑκάσταις
1087 359 1358 409 ἀποδοτέον,
1405 361 1608 414 οὕςτινας

282 435 320 460 τε
357 434 412 459 av
451 423 520 459 καὶ
558 416 688 469 ὅσους
724 423 795 462 καὶ
831 427 952 472 οἴους
987 428 1208 481 προς-ἧκον
1227 424 1284 468 ἀν
1304 430 1509 478 ἑκασταις
1529 430 1604 482 εἴη,

274 483 455 536 ομικρὸν
509 486 553 525 δὲ
597 485 841 541 ἐπισχόντες
895 486 980 543 πρὸ
1031 492 1110 541 τῆς
1165 495 1364 544 αἱρέσεως
1423 494 1606 548 εἴπωμεν

273 549 554 603 προςήκοντοὶ
597 566 694 592 τινα
731 553 866 604 λόγον
902 557 997 609 περὶ
1034 554 1173 607 αὐτῆς
1205 555 1421 614 ῥηθῆναι.

372 617 474 658 ΚΛ.
546 617 654 658 Τίνα
690 615 741 669 δὴ
782 620 965 670 τοῦτον,·

376 683 472 723 ΑΘ.
551 680 705 726 Τόνδε.
741 689 875 727 παντί
907 702 990 728 που
1026 687 1157 737 δῆλον
1195 689 1242 730 τὸ
1268 689 1488 739 τοιοῦτον,
1523 686 1604 740 ὅτι,
1633 682 1636 685 ’

366 832 403 864 B.
455 829 519 863 ὅτι
550 830 736 872 μεγάλου
770 835 840 875 ιῆς
871 835 1160 878 νὀμυθεσιαε]
1190 838 1282 869 Rice.
1312 837 1340 870 h.
1367 842 1445 868 alite
1473 836 1530 877 τῇ.
1554 838 1601 868 5n-

271 877 422 919 terponit
449 877 520 908 ιοιῖ.

571 876 731 910 Ceterum
758 879 846 912 conf.
875 880 1050 934 explicatt.

362 921 400 954 C.
449 919 661 963 γίγνοιντ’
697 921 767 965 ἄν]
802 920 943 966 γίγνοιτ’
978 925 1015 958 Ξ.
1042 926 1065 957 f.
1092 931 1121 958 Ιι.
1153 938 1184 958 ο.
1212 931 1246 959 et
1272 937 1319 968 pr.
1353 923 1388 955 Ω·
1438 925 1472 956 ln
1501 926 1600 956 Voss-

270 978 307 999 x.
330 972 364 999 et
392 968 467 999 Par.
497 966 536 998 B.
564 973 617 999 est
642 969 695 999 καὶ
721 970 828 1010 λῶβαι
854 970 919 1000 καὶ
946 968 1043 1002 πολύ.
1627 968 1630 971 ”

270 1084 357 1109 rum
393 1077 463 1118 qui
499 1079 761 1119 imperaturi
797 1082 904 1121 sint3

270 1121 433 1153 deinde
461 1123 601 1165 leges,
627 1135 734 1165 qnae
757 1128 903 1168 singu—

272 1168 326 1199 iis
382 1167 727 1208 magistratibus
784 1173 900 1203 scri—

270 1211 443 1244 bendae
469 1218 565 1244 sunt
592 1219 632 1246 et
656 1216 792 1248 veluti
820 1222 902 1248 tra-

268 1257 433 1289 dendae
472 1262 673 1299 tanquam
717 1261 901 1302 aliquid,

267 1303 378 1343 qnod
421 1303 532 1343 ipsis
581 1307 813 1338 conveniat
858 1317 903 1339 ac

268 1348 495 1380 debeatur.
554 1349 603 1381 De
636 1352 741 1383 verbo
773 1348 900 1383 ἀποδο-

269 1391 344 1423 ιέον
377 1394 537 1425 consulas
570 1403 644 1426 ann.
675 1396 716 1427 nd
749 1395 839 1428 Tim.
866 1409 898 1439 p.

267 1437 322 1471 19.
349 1437 388 1471 C.
415 1448 447 1479 p.
473 1436 528 1471 20.
560 1438 597 1469 Β.

310 1482 351 1513 Β.
409 1480 592 1523 σμικρὸν
635 1482 675 1516 δὲ
707 1484 897 1527 ἐπισχόν-

268 1536 332 1559 τες
358 1546 399 1551 -
426 1524 649 1571 ρηθῆναι.]
674 1530 758 1563 Sed
784 1537 897 1564 ante-

264 1582 387 1614 quam
424 1573 472 1604 ad
522 1583 679 1606 eorum·
711 1577 896 1608 creatio-

267 1628 357 1649 nem
406 1613 684 1658 accedamus,
729 1622 898 1662 paullu-

266 1664 349 1695 111111
376 1662 631 1696 inhibentes
658 1667 895 1698 orationem

266 1709 479 1740 nonnulla
502 1707 777 1749 disseramus,
795 1721 897 1751 quae

265 1754 316 1784 de
340 1763 387 1784 ea
421 1747 463 1784 re
495 1754 708 1794 disputari
745 1765 896 1788 conve-

266 1800 369 1829 niat.
396 1798 533 1829 Politic.
562 1809 594 1840 p.
618 1799 693 1852 283.
721 1801 766 1831 C:
793 1800 898 1842 λόγον

266 1841 422 1874 ἄκουσόν
461 1854 533 1874 τιια
573 1842 786 1885 προεήκοιτα
823 1847 897 1887 περὶ

266 1886 401 1920 πάνῐίιη)
436 1887 699 1920 1152'101012'1wv
735 1887 896 1932 &QUJJJ'M

268 1935 451 1966 Praeterea
500 1943 681 1988 compares
726 1935 897 1968 Charmid-

266 1989 298 2021 ρ,
323 1978 401 2012 165.
426 1979 470 2010 C:
498 1974 569 2010 ἀλλ’
597 1978 742 2021 ἐπίσχες,
767 1980 832 2013 ἕως
857 1979 899 2013 ἂν

267 2023 452 2078 σκέψωμαι.
489 2021 666 2057 Phaedon.
722 2026 815 2060 .95.
889 2038 898 2048 ·

268 2066 395 2110 συχνὸν
418 2066 545 2146 χρόνοιν
567 2068 723 2111 ἐπισχών.
748 2070 895 2113 Euthyd.

266 2126 298 2157 p.
325 2114 404 2149 302.

314 2161 444 2190 παντί
473 2169 555 2190 που
587 2159 719 2200 δῆλον
745 2159 787 2192 τὸ
816 2172 895 2192 τοι·

267 2205 418 2245 οῦτον]
463 2204 576 2235 Locus
611 2214 773 2245 perquam
807 2207 895 2238 saie-

266 2251 403 2286 brosns,
434 2258 530 2289 quem
565 2253 676 2282 tamen
709 2251 763 2291 qui
791 2261 895 2292 expe-

266 2295 339 2326 dire
359 2295 541 2326 votuerunt
554 2295 674 2331 critici,
703 2298 804 2327 etiam
831 2296 894 2328 im-

265 2335 465 2381 peditiorem
499 2338 740 2377 reddiderunt,
770 2342 896 2382 qnippe

265 2382 429 2427 protenus
453 2387 625 2416 tentantes
650 2385 696 2416 ilii
721 2386 894 2417 coniectu-

265 2440 341 2468 ras,
389 2428 512 2470 quibus
560 2435 721 2470 corrupta.
763 2430 896 2462 scilicet

266 2475 366 2506 verba
401 2473 668 2515 adfligerentur,
702 2474 744 2507 de
777 2485 893 2507 eornm

266 2520 549 2561 interpretatione
597 2519 705 2550 minus
745 2520 893 2551 soiiiciti.

265 2564 309 2596 Et
334 2565 432 2597 nobis
458 2563 595 2604 quidem
623 2565 808 2597 mutatione
823 2566 894 2597 νιιΙ-

264 2614 364 2649 gatae
411 2609 603 2650 scripturae
644 2610 781 2642 omnino
829 2619 894 2642 non

265 2663 355 2693 opus
382 2664 457 2685 esse
488 2653 640 2689 videtur=
674 2653 836 2693 siquidem
865 2656 894 2686 ei

972 1083 1157 1120 maiorem,
1194 1090 1293 1123 quam
1326 1078 1434 1112 adhuc
1472 1080 1598 1112 factum

973 1127 1139 1167 vidimus,
1175 1124 1421 1167 interpretandi
1457 1124 1599 1166 diligen-

970 1173 1050 1205 tiam
1085 1183 1125 1205 ac
1157 1171 1380 1203 subtilitatem
1410 1168 1599 1202 adhibueri—

971 1228 1055 1250 mus.
1106 1217 1208 1251 Quod
1243 1226 1311 1269 qno
1342 1215 1414 1246 iure
1446 1215 1490 1246 ita
1530 1219 1599 1247 stn-

969 1267 1127 1301 tnamus,
1170 1263 1291 1303 paucis
1322 1259 1507 1292 ostendere
1539 1270 1598 1292 co-

967 1308 1132 1340 nabimur.
1193 1308 1312 1347 ltaque
1349 1302 1502 1347 μεγάλου
1543 1306 1601 1346 τῆς

969 1352 1180 1392 νομοθεσίας
1211 1349 1312 1382 ὄντος
1343 1350 1447 1391 ἔργου
1478 1350 1524 1382 ita
1550 1350 1597 1382 di-

967 1402 1061 1430 ctum
1104 1397 1258 1436 videtur,
1307 1398 1343 1426 ut
1384 1395 1595 1436 participium

968 1441 1068 1474 ὄντος
1098 1441 1299 1483 praedicato
1331 1440 1376 1470 sit
1401 1449 1597 1471 accommo-

966 1488 1100 1526 datum,
1134 1497 1237 1527 quum
1269 1484 1459 1517 subiectum
1486 1486 1595 1525 requi-

965 1537 1017 1564 rat
1042 1531 1165 1574 οὔσηςε
1201 1532 1245 1564 de
1276 1540 1343 1570 quo
1369 1530 1595 1561 constructio-

964 1579 1014 1610 nis
1039 1587 1165 1619 genere
1190 1575 1372 1608 identidem
1392 1574 1597 1613 monuimus,

967 1624 1068 1654 veluti
1095 1622 1136 1654 ad
1165 1622 1347 1661 Protagor.
1377 1621 1414 1661 p.
1445 1619 1524 1654 354.
1556 1620 1594 1651 C.

964 1668 1072 1708 Gorg.
1100 1679 1130 1708 p.
1148 1666 1225 1700 463.
1250 1664 1288 1696 E.
1318 1663 1453 1696 hachet.
1470 1675 1501 1706 p.
1517 1664 1594 1698 190.

968 1712 1004 1745 Β.
1033 1712 1142 1753 Legg.
1173 1711 1209 1743 V.
1237 1721 1268 1751 p.
1287 1709 1364 1742 726.
1392 1713 1430 1740 A.
1458 1709 1499 1741 X.
1515 1710 1592 1744 892.

964 1758 1007 1788 A.
1063 1757 1136 1789 Ium
1177 1765 1258 1787 vero
1303 1754 1470 1795 genitivus
1509 1757 1593 1787 iste:

964 1803 1025 1833 τοῦ
1051 1799 1148 1835 πόλιν
1173 1819 1212 1824 -
1239 1800 1430 1839 ἐπιστῆσαι,
1463 1798 1505 1831 de
1536 1810 1593 1831 cu—

963 1848 1016 1878 ius
1050 1857 1167 1879 caussa
1208 1849 1242 1876 et
1275 1845 1408 1875 ratione
1454 1845 1593 1876 multum

966 1892 1153 1923 dubitatum
1183 1895 1256 1928 est,
1283 1890 1353 1920 sine
1377 1888 1481 1921 dubio
1509 1899 1593 1930 pen-

966 1936 1024 1969 det
1058 1947 1098 1969 ex
1131 1935 1321 1968 nominibus
1355 1934 1592 1974 substantivis,

965 1991 1054 2023 quae
1075 1991 1156 2014 mox
1169 1981 1406 2020 insequuntur
1433 1976 1567 2020 γέλως
1552 1976 1594 2011 ἂν

965 2025 1144 2066 πάμπολυς
1174 2030 1209 2058 et
1238 2022 1367 2079 βλιίβαι
1397 2023 1451 2055 καὶ
1475 2024 1591 2064 λῶβαι.

965 2072 1103 2113 Quippe
1136 2069 1246 2102 istud:
1279 2064 1321 2101 ου’
1352 2067 1460 2108 μόνον
1491 2066 1593 2100 ουδὲι

966 2117 1067 2148 πλέον
1096 2111 1136 2148 εὖ
1170 2114 1335 2147 τεθέντων
1365 2115 1593 2155 interponitur

964 2159 1011 2194 ὥς
1027 2162 1071 2193 ἐν
1096 2158 1234 2203 παρόδῳ
1258 2160 1310 2192 vei
1337 2156 1392 2190 διᾰ
1406 2158 1523 2198 μέσου,
1546 2159 1591 2192 ita

962 2213 999 2239 ut
1023 2209 1187 2248 reliquam
1223 2205 1406 2236 'verborum
1433 2205 1589 2236 constru-
1634 2223 1642 2229 -

963 2253 1107 2283 ctionem
1162 2260 1226 2281 non
1282 2249 1430 2288 afficiat,
1487 2258 1588 2290 quum

966 2297 1183 2329 Atheniensis
1209 2295 1273 2325 inm
1291 2294 1334 2325 de
1358 2293 1587 2334 proximorum

963 2343 1156 2379 verborum,
1182 2338 1273 2371 unde
1293 2339 1463 2379 genitivus
1487 2343 1590 2380 aptus

962 2392 1029 2427 est,
1042 2385 1240 2420 accessione
1253 2383 1464 2424 cogitaverit.
1491 2384 1590 2417 Quae

963 2430 1118 2472 loquendi
1155 2430 1244 2461 ratio
1283 2429 1420 2461 minime
1460 2428 1587 2461 videbi-

962 2480 1016 2508 tur
1049 2475 1215 2512 insoiens,
1251 2473 1305 2504 ubi
1340 2474 1392 2505 vei
1428 2484 1470 2506 ea
1493 2483 1587 2506 com·

962 2520 1150 2562 paraveris,
1182 2527 1269 2558 quae
1305 2517 1346 2550 de
1372 2528 1451 2549 casu
1478 2519 1587 2550 nomi-

962 2572 1039 2598 nnm
1065 2563 1208 2597 subinde
1233 2573 1275 2595 ex
1299 2563 1408 2596 verbis
1424 2563 1586 2595 remotio-

961 2611 1052 2642 ribus
1079 2618 1244 2651 suspensn
1277 2608 1521 2649 explicavimus
1546 2609 1587 2639 nd

961 2654 1133 2689 Phaedon.
1162 2664 1193 2694 p.
1221 2652 1274 2685 94.
1303 2653 1342 2684 Ι).
1369 2653 1456 2684 conf.
1485 2651 1584 2685 etiam
