1644 2886
148 87 228 128 DE
260 83 539 128 LEGIBUS
574 83 694 126 LlB.
731 83 807 126 Vl.
846 84 893 125 P.
923 85 1016 125 77⁴2.
1053 83 1144 124 773.
1179 80 1243 123 St.
1314 81 1395 123 189

142 203 241 246 Ac).
314 194 377 243 Εὖ
413 204 559 255 λὲγεις.
620 194 679 244 '52
715 209 797 245 παῖ
831 205 983 244 τοίνυν
1018 200 1170 258 φῶμεν
1198 198 1397 252 ἀγαθῶν

41 272 241 323 πατέρων
276 268 437 326 φύντι,
484 266 588 318 τοὺς
631 267 753 324 παρὰ
803 276 895 318 τοῖς
939 272 1156 325 ἔμφροσιν
1190 265 1396 318 εὐδόξους

41 335 214 388 γάμους
246 333 332 390 χρὴ
367 344 544 390 γαμεῖν,
596 340 643 378 οἴ
683 350 752 378 σοι
800 343 1064 390 παραινοῖεν
1098 331 1158 375 ἂν
1193 331 1252 387 μὴ
1291 332 1395 391 φεύ·

41 417 133 453 γειν
170 401 250 444 τὸν
286 403 375 444 τῶν
411 401 611 454 πενήτων
657 405 768 457 μηδὲ
806 399 887 445 τὸν
918 403 1008 443 τῶν
1044 403 1264 444 πλουσίων
1299 398 1398 443 διώ-

41 483 132 510 κειν
167 467 469 527 διαφερόντως
501 467 671 524 γάμον,
706 468 806 511 ἀλλ’
850 468 930 512 ἐὰν
965 462 1108 511 τᾶλλα
1142 467 1283 527 ἰσάζῃ,
1319 465 1400 510 τὸν

42 533 357 591 ὑποδεέστερον
404 529 474 579 ἀεὶ
523 538 719 590 τιμῶντα
766 541 826 586 εἰς
874 534 955 588 τὴν
991 538 1229 579 κοινωνίαν
1265 534 1400 586 ξυνιέ-

43 618 130 644 ναι.
181 603 232 661 τῇ
280 619 324 645 τε
366 602 452 658 γαρ
498 603 624 646 πόλει
654 602 889 662 ξύμφορον
923 600 983 645 ἂν
1018 602 1084 654 εἴη
1122 601 1262 662 ταύτῃ
1300 609 1400 651 ταῖς

44 685 88 712 τε
124 667 375 719 ξυνιουσαις
410 673 595 720 ἑστίαις·
636 668 683 713 τὸ
721 669 807 726 γὰρ
844 668 1018 725 ὁμαλὸν
1050 670 1124 711 καὶ
1151 667 1399 724 ξύμμετρον

43 734 242 791 ἀκράτου
287 739 447 790 μυρίον
493 738 690 795 διαφέρει
738 735 850 793 πρὸς
891 735 1069 791 άρετίν.
1116 739 1310 795 κοσμίων
1354 752 1399 778 τε

44 805 243 858 πατέρων
282 801 363 859 χρὴ
414 806 756 859 προθυμεῖσθαι
795 806 1030 858 γίγνεσθαι
1066 801 1283 855 κηδεστὴν
1317 800 1396 846 τὸν

138 956 177 987 Ρ.
205 956 283 990 773.
334 958 380 988 οἷ’
401 968 471 989 σοι
498 961 776 1005 παραινοῖεν]
805 960 864 992 Sic
893 962 928 990 Α.
961 956 999 989 Ω.
1026 968 1057 989 v.
1077 968 1103 990 r.
1129 969 1162 991 a.
1177 969 1206 990 c.
1227 957 1255 991 δ.
1289 958 1400 1000 Vulgo

43 1007 118 1035 erat
144 999 223 1033 ὅσοι
248 1013 282 1034 τι.

137 1047 254 1087 ξυμμ.
290 1044 378 1091 ἀκρ.
417 1051 596 1094 μυρίον]
632 1051 675 1082 V.
709 1052 831 1094 μυρίῳ.
883 1046 1133 1082 Accusativum
1167 1049 1247 1081 dedi
1281 1059 1323 1081 ex
1356 1049 1399 1080 A.

51 1094 88 1125 SC.
121 1093 151 1125 h.
184 1104 209 1125 r.
237 1104 267 1126 a.
296 1103 324 1126 c.
353 1093 382 1127 δ.
411 1106 441 1127 ο.
467 1106 500 1128 x.

557 1097 773 1129 Confirmant
806 1095 953 1129 eundem
987 1105 1017 1127 ν.
1055 1100 1090 1127 et
1122 1095 1147 1126 f.
1183 1095 1241 1136 qui
1273 1096 1401 1137 μυρίον

47 1140 214 1181 scriptum
240 1139 412 1174 exhibent.
463 1142 552 1175 Dein
581 1143 698 1175 Astius
724 1143 811 1175 coni.
840 1142 992 1180 κοσμίων
1019 1139 1068 1183 δὴ
1094 1151 1127 1172 π.
1155 1151 1204 1182 χρ.

48 1253 116 1285 nis
143 1253 412 1295 parentibus
447 1257 589 1286 ortum
627 1265 688 1286 es-

48 1309 104 1330 se.
161 1298 296 1331 Eodem
339 1297 445 1331 modo
481 1300 619 1333 Menex.
656 1311 687 1342 p.

47 1344 125 1378 239.
170 1347 216 1378 A:
266 1345 344 1383 μιᾶς
391 1343 520 1387 μητρὸς
568 1344 691 1377 πάντες

47 1387 192 1430 ἀδελφοὶ
219 1388 359 1430 φύντες.
387 1391 514 1432 8ορΙι.
547 1393 630 1424 Ant.
659 1403 688 1425 v.

47 1437 133 1471 876:
174 1436 259 1468 οἴων
295 1435 363 1478 ἐγώ
400 1434 491 1468 ποθ’
528 1435 549 1468 οἱ
579 1438 689 1469 ταλαί-

49 1493 149 1525 φρων
183 1483 285 1522 ἔφυν.
318 1483 472 1525 Eurip.
499 1483 630 1516 Plioen.
659 1494 688 1517 v.

48 1529 88 1563 9:
121 1529 184 1560 τοῦ
217 1528 254 1559 δὲ
285 1527 477 1569 Λάβδακον
505 1533 613 1570 φῦναι
639 1529 688 1561 λε’-

49 1584 182 1617 γουσιν.
218 1574 328 1617 Iphig.
362 1575 404 1607 T.
432 1585 462 1607 v.
490 1575 527 1609 1:
565 1577 629 1608 τοῦ
654 1573 688 1607 δ’

49 1622 140 1661 ἔφυν
160 1620 238 1662 ἔγω.
289 1620 363 1654 Non
386 1621 486 1654 aliter
501 1622 691 1664 accipimus

50 1666 174 1708 Soph.
204 1665 289 1698 Phil.
310 1676 341 1698 v.
357 1666 397 1700 3:
425 1669 607 1709 κρατίστου
626 1680 688 1700 πα-

52 1710 131 1753 τρὸς
148 1709 318 1754 Ἑλλήνων
335 1715 485 1755 τραφείς.
518 1714 620 1746 Pind
633 1725 688 1747 nr.

53 1759 154 1800 Pyth.
180 1757 246 1790 lv.
272 1758 358 1793 256:
396 1760 517 1791 κείνων
557 1771 688 1801 φυιευ-

50 1804 182 1836 θέντες.

98 1850 138 1882 Ρ,
163 1849 239 1884 773.
273 1850 402 1881 οἵσοι
429 1855 691 1892 παραινοῖεν

51 1895 118 1937 ἂν]
145 1895 209 1927 lut.
237 1894 274 1926 οἱ
294 1895 475 1937 ἕαφρονεε.
526 1897 579 1929 De
605 1897 693 1929 divi-

53 1941 108 1974 tiis
134 1942 165 1972 in
192 1941 411 1974 matrimonio
443 1942 594 1974 ineundo
625 1953 692 1975 non

52 1986 294 2020 consectandis
311 1996 454 2029 prorsus
470 1988 592 2020 eodem
620 1999 694 2021 mo-

52 2033 267 2077 doVPolitic.
301 2043 333 2074 p.
370 2033 449 2067 310.
483 2033 530 2066 B:
565 2032 604 2065 τὰ
633 2034 694 2073 μὲν

52 2076 208 2111 πλούτου
240 2079 295 2109 καὶ
327 2077 507 2118 δυνάμεων
547 2078 584 2111 ἐν
624 2084 695 2112 τοῖς

54 2171 164 2212 λόγου
220 2170 410 2212 σπουδάζοι
459 2170 698 2212 μεμφόμενοςς

56 2218 135 2252 Σω.
161 2215 282 2250 Οὐδέν,
334 2217 404 2250 Sed
431 2227 520 2259 quae
541 2217 586 2250 ibi
614 2228 696 2260 pau—

56 2265 106 2296 cis
129 2263 243 2296 verbis
273 2263 528 2305 significantur,
562 2274 601 2296 ea
632 2263 697 2296 lioc

57 2311 134 2342 loco
159 2313 379 2352 exponuntur
401 2309 592 2351 copiosius.

104 2353 177 2387 τὸν
203 2353 533 2397 ὑποδεέστερον
557 2352 619 2386 ἀεὶ
645 2366 694 2386 τι-

58 2401 212 2440 μῶντα·
240 2400 301 2443 -]
340 2401 386 2434 H.
410 2411 440 2433 e.
466 2399 527 2432 τὸν
552 2398 694 2433 ὑποδεέ-

60 2456 178 2487 στερον
214 2445 362 2488 (γάμον)
405 2443 457 2477 αἐὶ
498 2448 594 2486 τιμᾶν
642 2449 696 2479 καὶ

58 2489 152 2523 οὕτω
192 2491 241 2523 εἰς
279 2489 338 2534 τὴν
376 2494 561 2525 κοινωνίαν
609 2493 696 2535 (τῶν

59 2534 338 2579 ὑποδεεστέρων)
361 2538 522 2577 ξυνιέναι.
549 2539 695 2572 Absone

61 2583 208 2625 Actius
233 2587 312 2615 ante
329 2583 480 2623 ξυνιέναι
498 2586 693 2626 intelligen-

61 2628 270 2670 cumputat
293 2626 375 2660 ὢειε
398 2631 451 2663 vel
477 2629 567 2672 πρὸς
591 2627 640 2664 τό.

109 2675 296 2714 κοσμίων
327 2685 364 2704 τε
394 2678 591 2716 πατέρων
617 2674 690 2716 χρῆ

762 1254 839 1296 πρ.]
870 1253 973 1286 Aliud
1000 1253 1154 1286 annectit
1179 1257 1402 1294 praeceptum

760 1300 1011 1342 superioribus.
1067 1299 1306 1333 Quamobrem
1350 1309 1404 1331 re-

760 1350 815 1377 cte
847 1347 987 1388 ponitur
1022 1356 1080 1382 τε,
1118 1344 1211 1386 quod
1245 1345 1404 1377 Astins

761 1393 991 1434 praecipitato
1024 1391 1169 1423 consilio
1202 1390 1234 1422 in
1261 1388 1303 1432 δὴ
1330 1400 1404 1423 rnu-

759 1438 855 1469 tnvit.
904 1437 1083 1478 Significat
1116 1446 1202 1469 vero
1238 1435 1405 1479 κηδεστηέἿ

760 1482 788 1515 h.
816 1485 836 1515 l.
870 1493 1093 1525 generum.
1152 1482 1290 1516 Etenim
1323 1492 1402 1524 pro—

760 1529 834 1571 prie
859 1529 996 1571 quidem
1015 1530 1137 1562 latiore
1152 1529 1403 1570 significatione

759 1575 802 1607 de
834 1586 875 1608 eo
910 1574 1055 1616 dicitur,
1086 1576 1143 1618 qui
1180 1576 1403 1609 matrimonio

759 1621 836 1654 aliis
864 1626 917 1654 est
942 1626 1110 1663 cognatus
1129 1624 1164 1654 et
1179 1620 1313 1662 affini33
1340 1621 1403 1654 sed

759 1667 884 1700 deinde
910 1667 1011 1700 etiam
1038 1667 1234 1710 singulatim
1261 1669 1314 1701 vel
1344 1678 1403 1699 so-

760 1722 923 1752 cerum,
952 1715 1021 1746 ‘vel
1070 1723 1298 1756 generum,
1350 1714 1401 1746 vel

760 1760 960 1791 maritum
1011 1760 1202 1800 sororis,
1251 1760 1316 1799 al„
1367 1763 1404 1791 ut

760 1805 832 1838 tere
862 1805 973 1837 Latin.
1008 1805 1169 1838 affinis.
1203 1805 1296 1837 conf.
1326 1805 1403 1837 He-

761 1849 873 1892 sycli.
911 1862 938 1881 ε.
975 1861 1006 1882 v.
1040 1850 1164 1884 suid.
1203 1850 1284 1882 ibid.
1324 1851 1402 1883 Zo-

761 1906 846 1927 nar.
875 1906 907 1937 p.
935 1896 1036 1930 1203.
1067 1896 1333 1936 wesseling.
1361 1896 1404 1928 ad

763 1941 863 1973 Diod.
897 1942 966 1974 Sic.
999 1941 1092 1975 XlV.
1122 1952 1154 1983 p.
1181 1941 1260 1975 645.
1301 1942 1405 1974 Dor-

762 1988 853 2020 vill.
887 1987 930 2019 nd
957 1987 1092 2019 charit.
1127 1998 1159 2028 p.
1186 1987 1266 2022 619.
1294 1988 1337 2019 al.
1362 2005 1404 2012 -—

763 2033 832 2065 lam
859 2042 942 2066 vero
967 2032 1062 2075 quod
1078 2032 1302 2076 philosophus
1324 2043 1405 2066 sua—

764 2078 842 2119 det,
882 2083 919 2110 nt
957 2079 1227 2112 vehementioris
1262 2084 1297 2111 et
1325 2081 1405 2112 cali-

763 2124 873 2156 ‹lioris
898 2125 1023 2167 ingenii
1040 2125 1196 2158 homines
1218 2126 1306 2158 filias
1331 2135 1407 2158 mo-

766 2170 964 2204 deratorum
1004 2175 1183 2213 parentum
1222 2172 1254 2203 in
1290 2172 1406 2204 matri-

767 2217 919 2249 monium
946 2217 1091 2259 ‹lucant‚
1116 2221 1221 2258 atque
1246 2218 1407 2255 vicissim,

765 2262 852 2295 idem
877 2263 951 2295 fieri
976 2263 1070 2296 iubet
1099 2263 1238 2296 Politic.
1267 2274 1299 2305 p.
1325 2264 1404 2298 310.

765 2307 794 2339 C
831 2318 905 2350 sqq.
946 2314 984 2341 ut
1019 2310 1184 2342 facillime
1225 2315 1407 2351 appareat,

767 2354 950 2387 Platonem
983 2354 1046 2387 liae
1079 2357 1112 2388 in
1145 2365 1182 2387 re
1214 2356 1280 2387 sibi
1307 2356 1407 2397 plane

765 2401 978 2433 constitisse.
1028 2401 1114 2434 Nam
1141 2401 1235 2442 quod
1264 2401 1405 2433 Zelle—

765 2455 840 2477 rus
872 2445 974 2479 stud.
1009 2446 1115 2480 Platt.
1150 2458 1182 2488 p.
1215 2446 1293 2481 105.
1327 2446 1408 2478 inde

764 2491 917 2533 colligit,
950 2491 1082 2535 Legum
1120 2493 1232 2525 locum
1267 2502 1309 2524 ex
1337 2492 1407 2524 Po—

763 2536 859 2569 litico
885 2546 963 2570 esse
986 2548 1218 2581 expressum,
1255 2538 1287 2569 id
1315 2537 1406 2570 nihili

765 2592 843 2615 esse
874 2587 1060 2625 utrumque
1101 2585 1214 2616 locum
1248 2584 1338 2616 inter
1368 2594 1407 2615 se

764 2629 960 2670 diligentins
993 2631 1274 2672 comparantibus
1305 2628 1406 2662 saeue

763 2675 956 2716 apparebit.

1430 268 1509 307 773

1438 810 1474 849 B
