1644 2886
267 119 292 154 6
704 114 1149 157 ARGUMENTUM

270 229 438 281 civium,
470 229 528 268 ita
556 234 617 278 ut,
649 232 854 279 quantum
887 224 979 266 fieri
1006 228 1157 281 possit,
1190 227 1374 282 improbi
1409 244 1576 271 arcean-

269 291 337 326 tur
376 284 442 325 vel
478 283 676 324 aliorsum
705 280 969 337 relegentur,
1007 296 1061 323 ne
1090 283 1190 325 boni
1221 298 1364 326 eorum
1393 301 1581 327 corrum-

270 346 423 395 pantur
462 337 730 391 contagione.
793 337 922 389 Quod
951 352 1082 391 quum
1110 339 1186 392 ivis,
1227 340 1300 393 qui
1329 341 1446 397 leges
1476 343 1579 384 scri-

269 394 398 446 bant,
441 393 615 436 multam
645 391 794 433 afferat
822 392 1143 448 difficultatem,
1174 402 1315 437 tamen
1344 412 1456 439 nunc
1486 399 1578 452 qui-

274 452 383 502 dem,
413 463 543 502 quum
573 448 664 490 sola
692 449 895 498 oratione,
924 464 1010 491 non
1038 465 1083 491 re
1112 451 1206 506 ipsa
1235 466 1344 493 nova
1373 453 1580 495 condatur

272 507 449 558 civitas,
490 519 648 560 ponere
684 505 744 550 ait
772 505 900 546 licere
930 511 1058 560 atque
1089 506 1272 562 fingere,
1307 523 1459 563 purum
1488 523 1580 550 esse

269 563 566 614 sincerumque
603 574 823 602 numerum
861 561 1017 603 civium
1047 562 1092 603 in
1131 578 1181 604 ea
1218 564 1481 619 receptorum
1519 568 1579 620 (p.

275 619 366 661 735.
406 618 460 659 A.
491 640 545 646 —
575 618 669 658 736.
699 614 794 670 C.).
871 616 1095 659 Praeterea
1141 620 1267 662 etiam
1314 619 1428 661 aliud
1477 622 1579 675 quid

274 680 360 726 est,
393 673 552 727 inquit,
603 671 719 726 quod
751 673 796 714 in
833 688 945 714 nova
991 674 1165 716 civitate
1202 675 1425 717 condenda
1458 678 1582 719 nobis

272 731 458 771 faustum
505 728 717 770 acciderit.
800 729 952 783 Neque
1000 730 1110 771 enim
1160 730 1212 772 de
1261 733 1384 774 novis
1426 733 1582 774 tabulis

272 799 554 841 agrorumque
615 784 826 826 divisione
881 785 982 839 lites
1025 792 1068 827 et
1105 788 1418 829 controversiae
1459 790 1582 830 nobis

270 840 520 883 metuendae
549 847 662 893 sunt,
693 839 901 895 siquidem
930 856 1083 883 novam
1111 843 1325 885 civitatem
1355 843 1583 899 condituri⁷

272 912 356 939 non
385 903 570 938 veterem
605 896 790 950 aliquam
819 896 1083 939 emendaturi
1113 913 1271 941 sumus.
1327 899 1425 942 Hoc
1455 916 1584 942 unum

274 953 406 1009 igitur
434 953 556 994 nobis
583 952 917 1006 providendum,
949 959 997 994 ut
1021 968 1074 994 ne
1103 955 1307 996 avaritiae
1338 961 1466 1009 atque
1494 972 1584 998 niu-

274 1017 372 1050 tuae
401 1008 644 1050 inimicitiae
674 1009 814 1050 aditus
835 1008 889 1049 ad
910 1023 1000 1050 eam
1023 1014 1168 1065 pateat
1187 1018 1230 1052 et
1246 1017 1295 1052 ut
1313 1012 1452 1052 omnia
1470 1012 1584 1054 iusto

272 1066 362 1107 iure
400 1065 724 1120 constituantur.
791 1063 921 1116 Quod
959 1066 1138 1107 maxime
1165 1067 1227 1107 ita
1255 1067 1352 1119 fiet,
1395 1067 1431 1109 si
1462 1083 1585 1124 agro-

274 1137 367 1163 rum
392 1120 545 1162 divisio
577 1121 792 1174 sapienter
821 1121 1068 1162 instituatur
1107 1123 1170 1176 (p.
1202 1124 1294 1164 736.
1328 1122 1377 1164 C.
1407 1148 1460 1154 -·
1491 1127 1583 1167 737.

273 1178 326 1220 B.
353 1177 493 1227 extu).
551 1175 856 1218 Definiendum
873 1177 1006 1232 igitur
1023 1182 1119 1218 ante
1146 1179 1287 1223 omnia
1315 1184 1395 1230 est,
1427 1187 1587 1233 quanta

275 1234 430 1276 civium
467 1232 694 1274 multitudo
733 1247 827 1274 esse
866 1231 1045 1284 debeat3
1086 1232 1239 1276 deinde
1268 1234 1511 1290 videndum,
1542 1236 1585 1278 in

278 1296 384 1343 quot
427 1296 570 1345 partes
609 1288 737 1330 iidem
775 1289 862 1330 sint
899 1287 1206 1341 distribuendi3
1249 1290 1432 1345 denique
1460 1306 1586 1348 agros

275 1352 320 1387 et
358 1345 645 1386 habitationes
684 1345 797 1385 inter
833 1358 905 1385 eos
944 1345 1107 1386 ratione
1148 1360 1273 1399 quam
1312 1346 1491 1388 maxime
1517 1363 1586 1390 ae-

275 1402 391 1455 quali
410 1400 608 1442 distribui
629 1400 853 1455 oportebit.
910 1399 972 1442 Et
989 1415 1209 1442 numerum
1229 1401 1400 1456 quidem
1432 1403 1586 1445 civium

276 1473 351 1513 pro
389 1453 525 1498 testae
561 1455 854 1511 magnitudine
892 1462 934 1497 et
972 1457 1586 1514 civitatum'circumiectarum

275 1513 441 1555 ratione
481 1527 687 1567 ponamus
724 1512 836 1553 hunc
874 1526 990 1562 esse,
1038 1519 1086 1554 ut
1134 1513 1321 1568 quinque
1368 1514 1499 1556 millia
1546 1523 1588 1557 et

277 1568 560 1624 quadraginta
587 1569 735 1623 (5040)
764 1570 945 1622 aequare
977 1569 1255 1622 existimetur,
1288 1570 1360 1624 qui
1389 1585 1586 1614 numerus

276 1625 373 1666 ideo
412 1624 583 1666 videtur
619 1625 806 1679 optimus
843 1638 961 1678 esse,
1001 1625 1100 1678 quia
1138 1625 1271 1666 dividi
1311 1627 1354 1667 in
1384 1626 1586 1682 plurimas

307 1687 420 1722 artes
458 1686 617 1736 potest.
685 1680 737 1720 In
766 1679 944 1721 totidem
972 1680 1104 1735 igitur
1130 1687 1273 1735 partes
1305 1682 1430 1723 etiam
1461 1692 1587 1739 agros

276 1698 410 1779 iiividi
451 1736 738 1778 necessarium
776 1736 867 1777 erit.
924 1737 1068 1788 Atque
1108 1736 1206 1777 hinc
1240 1737 1398 1791 pendet
1433 1738 1586 1781 deinde

276 1793 442 1847 reliqua
469 1808 613 1834 eorum
640 1792 684 1833 in
713 1791 869 1833 classes
899 1792 1106 1846 quasdam
1141 1792 1387 1848 descriptio.
1445 1793 1498 1834 In
1522 1794 1587 1837 his

275 1849 475 1890 omnibus
512 1863 613 1889 vero
652 1847 963 1889 constituendis
1005 1848 1130 1889 etiam
1160 1863 1375 1898 sacrorum
1405 1848 1585 1906 diligens

278 1904 392 1947 ratio
421 1903 618 1946 habenda
643 1913 722 1957 est,
754 1903 1087 1958 curandumque,
1116 1909 1164 1944 ut
1184 1904 1281 1958 diis,
1313 1904 1588 1950 daemonibus

279 1968 321 2003 et
351 1960 553 2002 heroibus
595 1960 690 2001 loca
729 1959 939 2013 quaedam
977 1969 1293 2013 consecrentur,
1337 1961 1381 2002 in
1431 1962 1587 2015 quibus

277 2017 515 2059 habeantur
543 2021 793 2068 conventus,
825 2016 977 2070 quibus
1007 2015 1112 2057 nihil
1130 2022 1204 2058 sest
1232 2017 1377 2058 utilius
1409 2017 1464 2058 ad.
1492 2017 1585 2059 iun-

279 2072 462 2130 gendam
501 2071 835 2126 firmandamque
873 2072 1029 2113 civium
1067 2072 1127 2115 ibi
1154 2072 1456 2126 confluentium
1485 2075 1588 2115 ami-

280 2129 426 2171 citiam
463 2135 506 2170 et
543 2127 814 2170 concordiam
845 2129 907 2183 (p.
939 2130 1031 2170 737.
1062 2127 1111 2169 C.
1140 2153 1195 2160 —
1226 2130 1317 2173 738.
1345 2129 1433 2183 Ε.)
1498 2129 1589 2171 Iam

282 2200 382 2226 vero
422 2199 551 2238 quum
586 2184 676 2234 tria¹
707 2183 791 2225 sint
819 2184 1224 2240 rerumpublicarum
1253 2199 1432 2239 genera,
1459 2201 1590 2227 unum

283 2241 486 2296 optimum
517 2246 560 2281 et
588 2239 953 2295 perfectissimum,
982 2240 1174 2292 alterum,
1205 2239 1321 2294 quod
1339 2256 1424 2283 uno
1453 2241 1589 2297 gradu

283 2297 336 2339 ab
366 2297 439 2338 illo
470 2295 618 2347 distat,
647 2295 819 2336 tertium
848 2295 1053 2350 denique,
1097 2295 1211 2350 quod
1251 2295 1417 2349 duobus
1447 2297 1589 2353 gradi-

283 2353 363 2395 bus
405 2352 458 2393 ab
489 2352 562 2394 illo
590 2358 799 2407 remotum
828 2357 912 2403 est3
955 2351 1091 2395 videri
1118 2366 1221 2394 sane
1252 2351 1380 2394 debet
1411 2367 1460 2394 ea
1487 2353 1589 2394 civi-

285 2417 350 2450 tas
382 2408 540 2464 optima
568 2422 684 2460 esse,
723 2408 765 2448 in
806 2422 891 2462 qua
927 2407 1135 2454 bonorum
1173 2415 1215 2450 et
1251 2423 1429 2450 uxorum
1471 2415 1514 2450 et
1540 2409 1599 2450 lia·

283 2466 506 2517 berorum⁷
545 2462 727 2518 denique
755 2478 894 2504 rerum
926 2463 1133 2517 omnium,
1173 2464 1412 2517 communio
1449 2464 1590 2506 locum

287 2521 460 2574 habeat,
495 2521 555 2561 ita
583 2526 630 2560 ut
659 2520 965 2574 perfectissima
992 2519 1048 2561 sit
1077 2520 1301 2562 universae
1331 2521 1589 2575 reipublicae

287 2576 516 2619 concordia
550 2582 594 2617 et
631 2575 939 2617 convenientia.
1013 2573 1101 2617 Sed
1139 2591 1269 2630 quum
1305 2576 1401 2619 talis
1436 2576 1590 2619 civitas

284 2632 367 2673 diis
405 2633 472 2673 vel
512 2631 684 2674 deorum
731 2631 828 2673 filiis
869 2631 1136 2673 attribuenda
1175 2632 1589 2685 videatursiuvabit
