1592 2872
226 88 269 129 X
652 84 1124 128 PROLEGOMENA

228 198 353 240 Plato
383 198 426 240 in
456 197 522 239 his
551 197 670 239 libris
701 195 910 251 prodidit3
949 195 1168 251 popularis
1204 195 1304 237 item
1335 196 1426 237 eius
1461 200 1546 236 tra-

228 253 394 295 dendae
434 253 504 294 via
542 264 586 294 et
624 252 732 293 ratio
770 257 814 292 et
850 250 906 293 ad
948 266 1213 292 communem
1240 251 1456 293 hominum
1484 251 1548 293 in-

227 309 507 364 telligentiam
546 306 879 349 accommodata.
948 307 1108 348 Verum
1148 312 1311 348 tantum
1351 308 1472 349 abest
1498 313 1549 348 ut

231 365 400 406 Platoni
437 364 539 406 vitio
578 363 830 405 vertendum
858 364 936 416 sit,
969 361 1086 416 quod
1115 377 1207 404 eam
1236 363 1279 404 in
1309 362 1390 404 hoc
1420 377 1547 417 opere

229 420 448 472 adhibuit,
486 425 535 460 ut
570 419 615 460 id
650 419 967 475 sapientissime
1008 419 1219 473 planeque
1249 419 1548 473 convenienter

229 478 268 518 ei
298 475 507 572 cplnsilio,
546 475 662 529 quod
704 476 828 517 unice
858 481 1066 529 sequutus
1096 482 1184 528 est,
1219 474 1369 517 fecisse
1401 474 1546 516 existi-

228 546 322 573 man
358 545 406 572 us
434 531 501 574 sit.

537 902 655 976 Cap.
695 900 798 960 XV.
879 900 1122 977 Segment.
1167 902 1245 961 ΙΙΙ.

422 1034 493 1070 lle
517 1035 748 1079 neglecta
773 1033 1044 1068 subulltate
1069 1034 1349 1069 dialectiea.

342 1139 486 1190 Atque
527 1135 721 1178 similiter
758 1135 884 1176 etiam
925 1133 978 1176 de
1009 1134 1141 1175 altero
1170 1133 1244 1175 illo
1275 1132 1548 1176 iudicandum

230 1200 318 1244 est,
360 1191 474 1246 quod
516 1198 643 1233 antea
679 1192 724 1233 in
753 1191 867 1232 vitiis
908 1190 1057 1232 horum
1088 1204 1327 1232 sermonum
1357 1203 1549 1230 numera-

229 1254 318 1288 tum
357 1262 451 1289 esse
491 1247 686 1289 diximus.
754 1246 884 1299 Quod
924 1246 1036 1288 enim
1073 1246 1216 1288 multis
1245 1245 1350 1287 locis
1381 1244 1549 1286 deside-

228 1309 348 1345 ratur
374 1304 589 1346 subtilitas
618 1303 864 1356 dialectica,
905 1317 991 1356 qua
1027 1316 1095 1342 res
1124 1301 1169 1342 in
1197 1300 1549 1356 disceptationem

229 1364 406 1400 vocatae
435 1360 633 1401 subtilius
664 1359 945 1412 exquiruntur
982 1363 1023 1399 et
1050 1358 1112 1398 ita
1136 1357 1180 1398 in
1211 1356 1347 1399 varias
1374 1370 1548 1398 versan-

228 1422 298 1456 tur
326 1421 498 1470 partes,
538 1421 586 1456 ut
625 1416 815 1471 ipsorum
855 1413 1088 1470 legentium
1125 1413 1299 1468 ingenia
1337 1412 1548 1465 animique

228 1471 405 1512 mirifice
443 1477 716 1524 moveantur,
757 1476 1034 1512 exerceantur
1077 1475 1119 1510 et
1155 1469 1211 1510 ad
1249 1484 1395 1510 verum
1429 1482 1549 1523 repe·

228 1526 423 1568 riendum
443 1528 682 1569 excitentur
700 1533 831 1580 atque
860 1532 1087 1576 acuantur3
1108 1524 1167 1578 id,
1198 1525 1269 1566 ubi
1295 1538 1468 1566 caussas
1490 1525 1548 1564 rei

229 1583 580 1638 investigaveris,
624 1589 739 1625 certe
764 1598 789 1623 a
818 1582 984 1638 Legum
1013 1581 1251 1623 rationibus
1281 1594 1549 1634 nequaquam

229 1638 410 1680 alienum
441 1653 536 1680 esse
565 1638 677 1680 ultro
707 1637 924 1679 fatendum
955 1638 1048 1678 erit.
1106 1637 1217 1678 Nam
1247 1637 1428 1691 primum
1459 1635 1550 1689 qui-

231 1694 327 1735 dem
358 1709 512 1748 sermo,
545 1695 620 1749 qui
639 1695 892 1746 instituitur,
924 1693 1099 1735 similior
1118 1699 1182 1734 est
1200 1692 1396 1733 familiari
1425 1691 1559 1733 alicui.

230 1750 444 1805 colloquio
483 1766 607 1805 quam
656 1750 803 1791 subtili
847 1749 1153 1805 disputationi,
1204 1746 1548 1801 quandoquidem

231 1804 393 1849 Clinias
434 1813 475 1848 et
520 1806 749 1861 Megillus,
801 1805 873 1859 qui
922 1820 1018 1846 cum
1067 1805 1236 1858 hospite
1297 1802 1549 1844 Atheniensi

231 1862 557 1916 colloquuntur,
603 1862 727 1903 sicuti
767 1862 878 1902 infra
908 1861 1211 1912 declarabitur,
1241 1859 1284 1899 in
1314 1858 1550 1899 dialecticis

230 1918 452 1974 finguntur
480 1918 619 1959 minus
640 1917 872 1959 exercitati.
941 1917 1152 1957 Nimirum
1192 1915 1400 1970 spectavit
1426 1914 1550 1954 Plato

231 1988 281 2014 ea
323 1989 368 2015 re
386 1973 514 2015 ,illud
541 1974 703 2028 ipsum,
737 1972 853 2027 quod
885 1987 1107 2027 perperam
1135 1970 1473 2026 reprehenditur,
1504 1976 1551 2009 ut

232 2030 374 2071 omnia
410 2045 495 2071 non
532 2036 620 2070 tam
659 2029 859 2071 subtilius
902 2027 1143 2084 disputata,
1191 2041 1315 2080 quam
1355 2025 1549 2065 familiari

231 2100 423 2131 sermone
444 2085 640 2140 exposita
660 2091 703 2126 et
723 2091 924 2138 tanquam
945 2090 1115 2125 narrata
1137 2082 1395 2134 viderentur,
1408 2081 1549 2135 prouti

232 2141 419 2182 universi
468 2141 608 2195 operis
654 2140 809 2182 rationi
856 2139 939 2180 fuit
985 2144 1339 2189 consentaneum,
1382 2137 1425 2177 in
1465 2151 1550 2190 quo

233 2195 428 2238 doctrina
475 2197 612 2238 civilis
648 2195 703 2236 ad
749 2209 1013 2237 communem
1059 2194 1274 2235 hominum
1311 2191 1551 2247 intelligen—

233 2252 336 2294 tiam
390 2251 708 2294 accommodate
760 2251 1007 2306 explicatur.
1083 2249 1212 2301 Quod
1259 2248 1296 2290 si
1344 2255 1549 2300 tenemus,

234 2308 359 2354 etiam
400 2309 602 2350 continuo
644 2306 926 2362 intelligetur,
971 2304 1074 2347 nihil
1104 2305 1258 2346 habere
1290 2303 1550 2348 offensionis,

235 2379 343 2419 quae
362 2364 550 2418 alioquin
577 2363 702 2419 plane
723 2362 946 2404 videantur
973 2361 1199 2403 insolentia
1227 2367 1269 2402 et
1298 2361 1342 2401 in
1359 2360 1551 2413 Platone,

235 2421 401 2474 qualem
430 2419 601 2462 aliunde
621 2419 837 2475 cognitum
860 2419 1076 2469 habemus,
1106 2432 1238 2472 prope
1257 2415 1552 2457 intolerabilia.

238 2478 364 2518 Patet
402 2476 510 2517 enim
549 2474 670 2527 inde,
695 2489 787 2516 ‘cur
815 2489 952 2516 sermo
982 2474 1050 2514 hic
1081 2480 1124 2514 et
1151 2474 1235 2518 illic
1267 2473 1323 2513 sit
1351 2472 1553 2527 prolixior

235 2538 279 2572 et
319 2532 545 2588 copiosior.
622 2530 794 2586 Quippe
837 2530 881 2571 id
923 2529 1114 2570 familiari
1167 2528 1381 2580 colloquio
1427 2526 1550 2568 istius

234 2587 346 2629 modi
388 2602 615 2641 sanequam
655 2587 736 2627 fuit
764 2584 1220 2627 convenientissimum.
1285 2585 1408 2624 Patet
1437 2583 1550 2625 item.
