1644 2886
506 77 590 121 DE
621 75 904 122 LEGIBUS
933 83 1015 120 etc.
1306 72 1442 118 Cvn

75 191 477 251 argumentatione,
518 191 718 248 quamvis
767 205 900 248 saepe
941 190 999 234 sit
1045 189 1268 233 difficilior
1310 196 1443 245 atque

74 250 319 308 operosior,
349 255 496 292 tamen
526 249 636 291 nihil
665 263 852 304 usquam
884 246 1154 305 deprehendi
1183 247 1344 304 inepti,
1376 247 1441 288 ni·-

76 308 136 351 hil
179 306 348 364 putidi,
378 305 488 349 nihil
519 305 710 361 denique
740 305 895 348 insulsi
925 311 1004 347 aut
1033 304 1235 356 absurdi3
1274 305 1320 346 in
1350 318 1442 346 ser-

75 379 204 408 mone
246 379 393 421 porro,
425 363 598 406 etiamsi
627 378 773 406 rerum
801 362 1139 419 explicationem
1168 361 1443 417 aequabilem

74 421 254 478 saepius
297 419 642 473 desideraveris,
693 419 913 475 siquidem
965 419 1037 461 hie
1077 426 1123 461 et
1160 419 1252 462 illic
1283 418 1445 461 omissa

75 485 204 532 sunt,
246 492 360 533 quae
387 477 564 520 uberius
593 477 816 519 illustrata
844 475 996 530 velles,
1029 476 1127 519 aliis
1157 483 1304 519 autem
1334 475 1444 517 loeis

77 551 156 592 per
197 534 355 577 nimias
393 535 600 591 ambages
631 533 880 585 ducuntur,
921 547 1035 587 quae
1079 533 1219 576 nolles
1250 540 1338 574 tam
1369 546 1442 574 eo-

76 593 199 649 piose
230 598 421 634 tractata
451 606 573 645 esse,
611 601 758 632 tamen
788 585 896 631 nihil
937 585 1116 646 insipidi
1137 596 1214 632 aut
1240 589 1445 631 inurbani

76 649 334 705 investigari
376 662 528 703 posse3
567 646 759 702 denique
798 645 1036 688 dictionem
1066 646 1174 688 nihil
1205 646 1444 701 quidquam

79 706 264 759 habere,
305 704 424 760 quod
455 711 533 746 aut
561 704 616 746 ab
648 704 827 746 Atticae
856 703 1035 759 linguae
1066 718 1150 745 usu
1181 708 1227 744 et
1260 718 1446 746 consue-

77 763 228 805 tudine
271 761 505 804 abhorreat
545 767 622 803 aut
659 776 740 816 pro
781 760 942 802 vitioso
981 759 1231 802 ducendum
1270 761 1327 802 sit
1370 770 1446 801 aut

78 819 276 862 Platonis
312 833 482 860 morem
514 825 558 859 et
595 817 816 875 ingenium
849 816 1076 860 dedeceat.
1137 816 1264 870 Quae
1300 817 1447 858 omnia

77 878 276 934 profecto
304 890 658 930 unumquemque
689 874 854 917 debent
873 874 1132 931 gravissime
1153 888 1445 925 commonere,

77 935 123 975 in
151 931 424 976 aestimanda
457 933 626 987 hegum
657 930 745 973 fide
776 941 820 973 et
849 932 1113 973 auctoritate
1143 931 1318 974 cautius
1350 945 1447 972 esse

77 989 364 1042 versandum,
394 988 752 1044 quandoquidem
793 989 880 1031 ista
917 989 1046 1045 signa
1096 995 1142 1030 et
1187 994 1448 1044 argumenta

79 1046 354 1104 portendunt
391 1045 508 1087 haud
546 1045 677 1088 dubie
718 1045 931 1102 praeclari
969 1045 1134 1102 ingenii
1166 1046 1444 1101 scriptorem,

79 1111 131 1147 ut
168 1104 243 1160 qui
285 1103 354 1145 vel
383 1103 429 1144 in
459 1102 732 1160 negligentia
760 1118 849 1144 non
880 1102 1076 1144 extiterit
1104 1117 1288 1158 usquam
1320 1102 1448 1144 vitio-

80 1176 171 1203 sus.
230 1160 464 1202 Praeterea
506 1175 610 1201 vero
651 1159 822 1202 accedit
852 1159 1059 1213 alterum,
1102 1159 1147 1201 in
1177 1159 1258 1201 hac
1290 1174 1448 1201 caussa

81 1225 200 1260 certe
240 1216 573 1273 dignissimum,
618 1216 738 1272 quod
776 1217 1008 1259 momentis
1047 1217 1138 1259 suis
1182 1215 1449 1272 ponderetur

81 1274 429 1331 diligentissime.
489 1273 755 1328 Quicunque
785 1274 898 1315 enim
930 1273 1227 1325 meminerint,
1259 1288 1347 1327 qua
1377 1287 1449 1314 ae-

81 1338 171 1373 tate
217 1333 382 1387 Legum
435 1330 533 1372 libri
596 1346 621 1371 a
658 1328 843 1372 Platone
887 1328 1042 1372 litteris
1080 1331 1168 1373 sint
1199 1330 1449 1386 consignati

82 1402 300 1444 quamque
342 1389 558 1429 fortunam
598 1394 829 1429 nascentes
879 1388 1117 1440 subierint,
1169 1387 1447 1442 quandoqui—

84 1445 182 1487 dem
220 1451 322 1500 post
362 1445 479 1486 senis
509 1446 703 1486 auctoris
735 1444 901 1486 obitum
943 1460 968 1485 a
1007 1444 1213 1500 Philippo
1247 1444 1448 1500 Opuntio

84 1517 136 1544 ex
157 1502 315 1544 ceratis
333 1501 448 1543 illius
478 1501 641 1543 tabulis
672 1499 947 1557 transscripti
980 1502 1096 1543 ebin
1130 1502 1268 1543 lucem
1302 1502 1448 1542 emissi

84 1573 183 1600 esse
201 1558 414 1612 feruntur,
437 1557 480 1599 hi
497 1565 615 1600 certe
637 1558 757 1600 nullo
774 1555 953 1616 negotio
975 1555 1236 1615 intelligent,
1257 1558 1331 1612 qui
1353 1558 1447 1599 fieri

84 1616 299 1672 potuerit,
339 1622 390 1657 ut
428 1615 558 1657 etiam
589 1630 701 1669 quae
732 1616 875 1657 minus
907 1614 1135 1672 probanda
1164 1616 1251 1658 sint
1283 1616 1327 1656 in
1358 1631 1448 1657 am-

85 1672 327 1728 plissimum
377 1685 489 1727 opus
537 1673 795 1728 irreperent.
872 1672 986 1715 Nam
1035 1673 1221 1729 primum
1270 1672 1447 1727 quidem

87 1729 231 1785 operis
285 1729 487 1771 conditor
535 1744 649 1784 quae
694 1730 855 1772 tabulis
896 1730 1174 1772 commiserat
1214 1730 1309 1785 ipse
1360 1744 1446 1771 non

86 1786 323 1842 perpolivit
359 1792 515 1841 utpote
556 1801 690 1828 senex
718 1786 996 1843 grandaevus
1024 1794 1164 1828 morte
1196 1801 1447 1842 oppressus.

93 1842 261 1884 Deinde
283 1857 364 1883 nec
387 1842 695 1885 veridissimile
717 1850 810 1897 est,
851 1843 1102 1900 Philippum
1126 1844 1371 1899 Opuntium
1404 1844 1447 1884 in

88 1898 464 1952 transscribendo,
497 1899 640 1954 prouti
673 1912 786 1955 opus
815 1899 1053 1952 videretur,
1086 1900 1156 1942 hic
1187 1906 1230 1941 et
1259 1899 1347 1941 illic
1370 1900 1446 1941 ali-

88 1955 196 2011 quid
233 1955 495 2008 mutavisse,
543 1955 793 2008 addidisse,
837 1956 1137 2012 supplevisse,
1186 1972 1448 2011 quamquam

88 2028 186 2054 eum
227 2013 483 2066 ceteroquin
522 2011 565 2052 in
608 2010 844 2055 reddendis
882 2012 893 2053 i
930 2012 1020 2055 sius
1061 2013 1263 2054 Platonis
1304 2014 1448 2056 verbis

87 2069 419 2126 diligentissime
450 2075 669 2111 versatum
700 2085 796 2112 esse
838 2085 890 2111 ve
936 2083 1144 2125 praesens
1177 2068 1321 2125 operis
1349 2086 1449 2126 spe-

88 2127 177 2168 eies
208 2133 340 2181 atque
371 2129 509 2166 torma
538 2125 670 2167 fidem
702 2127 820 2168 facit.
880 2124 1004 2168 Haec
1033 2127 1169 2177 igitur
1199 2127 1344 2168 onmia
1374 2128 1446 2183 qui

89 2198 234 2225 secum
274 2182 510 2236 diligenter
547 2182 883 2238 perpenderint,
924 2184 952 2225 ii
983 2172 1125 2237 iacile,
1159 2185 1332 2241 opinor,
1364 2185 1448 2226 lar-

89 2240 292 2296 gientur,
331 2255 385 2281 ne
427 2254 478 2280 ea
518 2239 721 2294 quidem,
764 2256 874 2295 quae
913 2241 957 2282 in
989 2241 1188 2298 Legibus
1219 2257 1373 2284 manca
1404 2248 1448 2283 et.

89 2297 343 2352 imperfecta
372 2295 628 2350 videantur,
658 2296 874 2339 eiusmodi
905 2313 1018 2352 esse,
1050 2306 1100 2340 ut
1129 2297 1182 2340 de
1212 2306 1309 2340 ortu
1344 2314 1447 2354 ope-

91 2353 150 2394 ris
200 2353 431 2394 Platonico
483 2353 683 2395 dubitare
723 2369 957 2410 cogamur,
1003 2356 1259 2411 praesertim
1311 2371 1446 2409 quum

92 2425 339 2465 germanam
387 2410 481 2452 eius
531 2411 742 2467 originem
797 2418 933 2454 testes
986 2412 1265 2466 antiquitatis
1317 2412 1447 2468 longe

93 2466 419 2522 locupletissimi
457 2467 641 2509 mirifica
689 2469 975 2510 consensione
1006 2470 1278 2512 confirment.
1342 2470 1446 2511 Ete-

93 2523 179 2564 nim
225 2529 327 2565 sunt
377 2525 574 2579 profecto
623 2532 817 2566 veterum
868 2526 1130 2582 scriptorum
1180 2526 1444 2575 testimonia,

94 2579 252 2633 quibus
281 2583 426 2635 operis
457 2582 760 2623 auctoritatem
791 2582 975 2624 stabiliri
1006 2583 1211 2635 vidimus,
1244 2583 1373 2637 longe
1403 2591 1443 2623 et

94 2636 355 2687 gravissima>
381 2644 419 2677 et
454 2639 710 2681 «fortissima.
751 2639 909 2692 quibus
941 2641 1117 2682 omuino
1159 2637 1335 2683 tuntum*
1368 2642 1444 2681 tri-
