1644 2886
188 87 274 129 DE
303 85 575 130 LEGIBUS
608 86 726 129 LIB.
763 85 840 129 VI.
876 85 925 127 P.
961 85 1054 126 761.
1084 83 1148 127 St.

31 208 138 262 μασί
186 221 228 248 τε
278 208 352 249 καὶ
393 203 726 264 ταφρεύμασιν,
770 201 892 254 ὅπως
935 201 993 245 οὲν
1042 200 1095 246 τὰ
1145 201 1268 257 παρὰ
1306 203 1417 245 τοῦ·

30 270 132 323 Διὸς
177 269 323 315 ὕδατα
360 269 710 328 καταδεχόμεναι
753 273 827 314 καὶ
866 274 1096 321 πίνουσαι,
1140 277 1232 319 τοῒς
1263 267 1389 313 ,ὐπο-

29 339 243 382 κάτωθεν
277 339 436 394 ἀγροῖς
471 355 518 382 τε
549 341 623 382 καὶ
658 336 814 387 τόποις
851 339 962 381 πᾶσι
991 337 1171 393 ι’άματα
1193 341 1264 380 καὶ
1286 336 1388 391 xor}-

31 423 113 457 νας
149 409 382 457 ποιοῦσαι,
428 409 501 450 καὶ
543 404 649 456 τοὺς
691 403 1064 461 αὐχμηροτάτους
1108 403 1274 454 τόπους
1310 421 1389 448 πο-

31 473 248 530 λυύδρους
283 490 328 517 τε
365 490 438 516 και
472 471 684 529 εὐύδρους
718 470 1080 526 ἀπεργάζωνται·

1131 470 1188 513 τοὶ
1224 488 1268 514 τε
1307 488 1388 523 πη-

30 549 136 595 γαῖα
172 537 343 590 ὕδατα,
391 541 470 583 ὲοὲν
518 544 562 583 τὲ
601 557 666 590 τις
700 536 903 594 ποταμὸς
940 538 1021 582 ἐάν
1059 556 1103 581 τε
1141 542 1211 582 και
1250 554 1389 594 κρηνη

34 601 78 668 ἶ),
115 609 383 663 κοσμοῦντες
418 606 669 666 φυτεύμασί
710 623 755 649 τε
804 623 875 648 και
927 607 1280 661 οικοὸομημασιν
1317 606 1384 648 ευ-

35 789 98 816 tur.
152 783 263 816 Etiam
291 785 335 817 A.
363 793 393 814 v.
421 782 443 817 f.
470 784 503 815 ἐν
529 782 682 816 additum
719 782 845 816 habere
872 786 988 815 narrat
1015 782 1209 816 Bekkerus.

1262 782 1389 816 Verum

34 830 77 861 de
105 829 183 862 Pur.
213 830 253 862 A.
279 829 360 862 nihil
387 834 504 862 monet
531 829 682 863 Bastius.
732 829 818 862 Cum
847 827 898 861 his
923 828 1007 862 facit
1033 833 1069 862 et
1093 825 1200 861 Voss.

36 947 103 975 tus
137 946 224 982 est,
265 942 450 976 flumina
488 943 538 976 ad
582 945 679 984 ipsa

36 988 212 1020 deorum
265 999 387 1022 sacra
443 988 678 1021 demitten-

36 1040 125 1075 tes,
154 1035 247 1066 loca
272 1035 352 1067 illa
378 1040 604 1068 exornent.
639 1035 678 1066 Iu

37 1079 85 1112 his
117 1078 370 1124 εὐπρεπέστερα
407 1091 468 1122 per
504 1080 679 1123 prolepsin

37 1125 298 1168 explicandum,
340 1131 377 1159 ut
410 1127 469 1159 sit=
508 1124 590 1163 οἵςιε
622 1124 680 1158 εὖ·

36 1173 248 1215 πρεπέστερα
279 1172 478 1214 γίγνεσθαι,
519 1182 582 1204 usu
628 1173 677 1204 lo-

39 1217 166 1257 quendi
188 1217 290 1250 hodie
314 1219 346 1250 in
373 1220 498 1261 vulgus
524 1222 617 1250 noto.
636 1236 678 1240 —

37 1263 335 1304 μεταλλείαις,
390 1263 678 1306 aquaeducti-

40 1309 117 1341 bus
158 1319 186 1341 s.
235 1311 483 1350 canalibus,
526 1310 679 1352 quales

41 1356 193 1387 solent
226 1355 263 1387 in
304 1357 467 1389 metalli
508 1356 683 1388 fodinis

41 1410 152 1433 esse.
179 1418 223 1424 —
266 1401 513 1434 Coniunctivus
539 1401 684 1434 ποιῶσιν

39 1451 74 1478 et
97 1449 267 1489 κοσμῶσιν
298 1447 599 1480 animadversione
630 1446 682 1479 di-

39 1501 145 1534 gnus3
179 1498 429 1534 expectaverns
455 1494 543 1526 enim
570 1494 679 1535 impe-

39 1538 198 1571 rativum.
249 1537 319 1571 Sed
354 1549 396 1572 ne
420 1539 505 1582 quid
531 1540 611 1572 mali
637 1540 682 1571 de

38 1584 100 1616 illo
154 1583 361 1626 suspiceris,
409 1586 531 1619 eodem
575 1585 681 1618 modo

40 1629 290 1677 Sophocles
335 1630 480 1664 Plniloct.
523 1642 554 1666 v.
593 1631 680 1666 298·

40 1675 119 1719 φέρ’
126 1700 136 1716 ,
160 1679 186 1707 ὦ
212 1678 347 1717 τέκν’,ον
381 1680 442 1710 οὖν
467 1679 523 1709 nal
549 1675 588 1709 τό
618 1681 683 1717 τῆς

6 1724 9 1729 “
39 1720 144 1762 νήσου
174 1719 311 1765 μα’θῃς.
355 1723 375 1755 i.
405 1734 434 1758 e.
476 1723 589 1765 μάθε.
624 1723 680 1755 ubi

42 1767 176 1800 mireris
202 1767 410 1810 interpretes
443 1769 520 1802 nihi!
553 1770 596 1802 de
629 1779 681 1801 ra·

42 1814 133 1845 riore
158 1822 223 1846 usu
252 1814 418 1855 loquendi
443 1815 682 1847 admonentes.

45 1860 118 1891 Alis
138 1861 236 1890 notat
262 1858 491 1892 Hermann.
520 1861 570 1893 De
585 1861 681 1893 Part.

42 1902 86 1934 «ἲν
110 1914 142 1941 ι).
159 1903 216 1937 89.
234 1921 277 1926 -
310 1904 379 1937 Pro
404 1903 564 1948 ὑδρείαις,
590 1906 684 1947 quod

44 1950 164 1991 optimi
219 1949 350 1991 quique
406 1951 482 1983 libri
534 1956 684 1990 tuentur,

45 1995 74 2027 Β
85 1996 132 2028 ek
143 1996 162 2028 k
173 2005 192 2027 e
201 2004 246 2027 ru
256 2005 272 2026 s
305 1996 600 2029 consentientibus
625 2007 685 2029 nu-

43 2042 137 2082 peris
162 2040 355 2074 editoribus
371 2052 413 2074 ex
438 2052 508 2074 uno
530 2044 687 2075 alterove

44 2087 130 2119 libro
154 2086 252 2119 dedit
276 2086 427 2130 ὑδρείας.
481 2088 584 2122 Quod
610 2089 684 2122 nol-

45 2133 112 2166 lem
137 2133 283 2165 fantum.
332 2133 409 2166 Non
435 2134 522 2167 enirn
549 2133 688 2176 ὑδρείας

45 2178 203 2212 exornari
228 2179 326 2211 iubet
351 2178 593 2222 philosophus,
626 2180 687 2213 sed

46 2224 163 2266 potius
202 2233 346 2257 nemora
396 2230 431 2257 et
474 2236 578 2267 agros
626 2226 689 2259 diis

46 2274 272 2302 consecratos
317 2270 577 2313 irrigationibus
615 2272 691 2304 vult

47 2315 160 2348 ornari
198 2320 234 2348 et
271 2316 465 2349 exhilarari.
525 2317 612 2350 Nam
645 2317 689 2351 ad

47 2363 200 2403 κοσμῶσι
229 2361 330 2395 facile
362 2363 565 2405 intelligitur
590 2373 689 2404 repe·

49 2406 184 2439 tendum
203 2417 281 2440 esse
305 2407 412 2448 αὐτά,
437 2407 468 2441 h.
485 2419 515 2441 e.
543 2407 584 2440 τὰ
604 2409 691 2450 ἄλση

50 2450 108 2482 καὶ
131 2455 265 2494 τεμένη.
293 2472 336 2479 -
386 2455 498 2487 Porro
530 2455 691 2487 notabilis

51 2500 104 2528 est
121 2498 358 2532 coniunctivus
383 2503 402 2541 ῇ
424 2504 504 2542 post
519 2500 560 2541 εἰ,
586 2510 688 2542 quem

50 2541 115 2574 fuit
147 2543 206 2584 qui
235 2543 270 2576 iu
301 2546 352 2588 εἴη
383 2546 508 2578 mutari
540 2546 687 2578 iuberet

51 2587 122 2619 Sed
151 2587 227 2620 vide
252 2598 339 2629 quse
354 2601 394 2623 ea
419 2593 462 2623 de
487 2602 525 2624 re
549 2592 591 2624 nd
611 2593 686 2625 libr.

53 2632 129 2665 Xll.
141 2644 173 2675 p.
187 2633 264 2668 958.
277 2634 318 2667 D.
335 2635 595 2678 disputavimus.
619 2639 690 2670 Pro

55 2675 238 2720 ἀφειμένον
270 2679 312 2713 de
345 2682 542 2716 coniectura
575 2684 688 2717 Astii

749 947 935 984 praeeunte
953 941 1042 974 Bek
1057 942 1160 974 kero
1187 941 1394 983 scripsimus

747 986 933 1029 ἀνειμένον,
960 987 990 1020 Ιι.
1008 999 1038 1020 e.
1066 991 1392 1021 consecratum:

749 1043 817 1074 quo
846 1043 949 1065 sensu
973 1030 1132 1077 αἰέιμένα
1159 1042 1226 1065 non
1250 1033 1296 1065 ita
1313 1043 1392 1066 raro

748 1080 922 1111 dicuntur.
940 1079 1065 1112 Thom.
1086 1079 1178 1121 Mag.
1197 1076 1390 1121 ἀνειμένον·

749 1121 1024 1166 οἴνα-τιθέμενον,
1061 1137 1090 1157 r.
1124 1135 1213 1166 quae
1246 1125 1332 1158 lianc
1359 1125 1392 1157 iu

749 1181 820 1203 rem
857 1172 1072 1211 collegerunt
1108 1171 1320 1204 Valcken.
1349 1171 1392 1203 ad

750 1216 924 1249 Herodot.
949 1216 998 1248 II.
1025 1218 1068 1253 65
1108 1217 1216 1259 intpp⁵
1243 1216 1286 1250 ad
1317 1215 1392 1248 So-

749 1261 889 1303 pliocl.
926 1263 1024 1295 Aisc.
1054 1274 1083 1294 v.
1111 1263 1213 1298 1198.
1243 1262 1286 1296 ad
1312 1262 1394 1296 Pol—

750 1311 814 1340 inc.
842 1308 968 1341 Onom.
993 1309 1023 1340 I.
1051 1310 1084 1350 6,
1109 1309 1166 1343 38.
1193 1309 1243 1340 vir
1268 1308 1394 1341 doctus

751 1355 784 1386 in
822 1355 950 1387 Obss.
987 1354 1176 1389 Miscell.
1224 1355 1298 1393 Vol.
1332 1355 1392 1387 ul.

751 1400 792 1433 P.
822 1401 844 1433 Ι.
876 1411 906 1443 p.
926 1400 972 1435 94
990 1411 1064 1442 sqq.
1106 1401 1317 1434 Relurtatur
1342 1404 1392 1433 ta-

750 1455 825 1478 men
845 1445 922 1480 buie
935 1447 1058 1479 rationi
1075 1447 1392 1479 Winckelman-

749 1501 828 1525 nus
853 1492 895 1525 ad
923 1492 1100 1527 Plutarch.
1126 1495 1240 1525 Amat.
1263 1503 1296 1535 p.
1313 1492 1394 1528 230.

748 1540 806 1580 qui
840 1539 945 1571 etiam
985 1537 1171 1580 ἀφειμένον
1209 1539 1259 1571 sic
1291 1549 1390 1572 usur-

746 1584 819 1626 pari
847 1585 1033 1617 existimat.
1068 1587 1112 1617 At
1136 1584 1233 1617 huius
1252 1585 1391 1627 quidem

748 1630 843 1663 verbi
876 1640 959 1662 usus
989 1631 1033 1662 ab
1067 1631 1125 1664 illo
1155 1631 1307 1663 nonnihil
1345 1632 1392 1663 vi·

749 1677 853 1709 detur
891 1676 1102 1719 discrepare.
1163 1676 1251 1710 Nam
1290 1675 1391 1719 α’φέε-

750 1725 840 1754 σθαι
874 1726 934 1754 aut
966 1727 1154 1765 usurpatur
1184 1723 1228 1756 de
1259 1723 1394 1766 pecori·

751 1769 834 1806 bus,
873 1779 963 1811 quae
1002 1769 1166 1802 libertate
1199 1769 1326 1802 donata
1360 1773 1395 1801 et

750 1814 853 1846 titulo
888 1824 1043 1857 appenso
1078 1819 1199 1848 notata
1229 1816 1263 1848 in
1289 1825 1396 1857 agros

752 1865 789 1892 et
813 1860 930 1901 sylvas
954 1859 1233 1899 dimittebantur,
1258 1865 1297 1893 ut
1322 1861 1395 1893 sine

754 1906 903 1938 custode
936 1916 975 1938 ae
1006 1909 1151 1948 pastore
1189 1906 1297 1939 libere
1336 1916 1394 1939 va-

754 1955 938 1993 garentur,
978 1955 1014 1983 et
1047 1955 1212 1993 tanquam
1244 1961 1346 1984 sacra
1375 1962 1395 1984 a

755 1997 892 2030 nemine
930 1996 1169 2038 laederentur3
1208 1997 1301 2031 unde
1337 2007 1396 2030 vo-

756 2046 878 2075 cantur
909 2041 1021 2083 ἅφετα
1053 2045 1106 2075 vel
1132 2042 1230 2086 ἱεράς
1261 2043 1303 2076 de
1329 2053 1396 2085 qus

756 2098 793 2120 re
829 2088 1005 2130 exquisita
1046 2088 1241 2122 eruditione
1277 2089 1397 2132 dispu-

756 2137 831 2166 tant
862 2134 1162 2167 Casaubonus
1197 2138 1232 2167 et
1263 2135 1396 2168 Grae-

756 2179 850 2212 vius
880 2180 923 2212 ad
950 2180 1094 2213 Sueton.
1112 2180 1254 2213 Caesar.
1281 2191 1311 2216 c.
1341 2181 1397 2215 81.

757 2229 793 2257 et
824 2226 1038 2258 Valesius
1072 2226 1114 2258 ad
1148 2227 1266 2259 Amm.
1302 2228 1396 2260 Mar-

756 2272 832 2304 cell.
857 2270 991 2305 XXIX.
1014 2271 1068 2311 4.;
1100 2276 1176 2311 sut,
1209 2273 1320 2306 sicubi
1352 2273 1397 2307 de

756 2317 861 2350 rebus
907 2321 1014 2359 atque
1062 2319 1148 2351 locis
1195 2323 1399 2361 usurpatur,

757 2373 910 2405 semper.
928 2363 1085 2397 additum
1122 2363 1226 2397 habet
1255 2364 1398 2406 aliquid,

758 2408 850 2441 uude
874 2409 954 2451 quid
979 2409 1045 2444 diis
1069 2415 1235 2453 tanquam
1262 2420 1399 2443 sacrum

757 2454 918 2487 relictum
953 2465 1031 2489 esse
1064 2456 1288 2498 intelligatur.
1339 2455 1400 2488 Sic

759 2500 889 2533 Plato
915 2500 1024 2535 Ctilia
1051 2502 1179 2544 p.116.
1208 2502 1256 2537 O:
1282 2501 1316 2532 ἐν
1339 2503 1400 2543 μέ-

759 2557 805 2587 σῳ
836 2547 894 2587 μὲν
927 2545 1021 2588 ἱερὸν
1049 2546 1149 2588 ἅγιον
1174 2546 1313 2579 αὐτόθι
1337 2550 1400 2587 τῆς

758 2603 794 2623 ἰε
821 2592 996 2628 Kimmig-
1019 2592 1076 2624 καὶ
1099 2595 1162 2625 τοῦ
1182 2592 1417 2625 Ποσειδῶνος·

758 2637 925 2679 ἄβατον
959 2637 1125 2681 ἀφεῖτο.
1159 2649 1238 2671 eum
1271 2639 1398 2681 quibus

761 2683 874 2715 vorbis
916 2687 1010 2716 recte
1057 2684 1212 2716 videmur
1255 2690 1397 2717 eonten-

1031 2739 1131 2780 10*

1312 85 1388 128 147
1432 86 1434 88 ’
