1644 2886
447 95 530 140 DE
559 93 837 140 LEGIBUS
867 101 950 138 ete.
1185 91 1404 137 XXXIII

39 215 137 258 nico
194 212 382 270 dialogi;
451 210 611 255 deinde
683 210 739 254 de
799 210 1012 253 sermonis
1074 221 1316 267 progressu
1360 216 1406 251 et

39 278 247 328 ‘tanquam
277 270 435 313 itinere
466 282 763 327 exponamus;
808 266 997 323 denique
1027 265 1084 310 de
1124 265 1272 309 colore
1308 264 1403 309 dia-

38 329 152 387 logi,
194 343 324 384 quem
363 327 408 370 in
450 326 637 384 singulis
674 325 887 426 1partibus
940 324 1074 368 refert
1122 322 1402 382 singularem,

39 386 333 442 universoque
365 384 460 428 eius
489 383 642 427 habitu
706 383 954 426 isseramus.

590 555 850 562 ...-—.-——.—-.-

366 671 490 747 Cap.
535 667 666 731 xvl.
748 666 982 744 Segment
1025 666 1083 726 ΙΙ.

141 793 214 831 lle
239 794 441 832 scenico
466 792 657 839 dialogi
682 790 887 833 ornatu,
911 790 1040 832 loeo,
1065 792 1311 836 tempore.

588 849 835 896 personis.

151 954 211 997 Et
248 956 468 998 scenicum
501 953 675 1011 quidem
707 959 964 1011 apparatum
1000 951 1165 1010 dialogi
1197 951 1400 996 conside-

37 1012 234 1055 rantibus
271 1012 590 1055 recordandum
633 1011 759 1055 nobis
813 1010 884 1054 hic
937 1024 1113 1067 quoque
1157 1016 1227 1052 est
1273 1009 1399 1066 illud,

37 1069 92 1112 de
113 1085 201 1126 quo
231 1069 316 1112 iam
347 1085 479 1127 saepe
507 1069 721 1124 diximus,
766 1067 941 1111 Platoni
978 1067 1024 1110 in
1064 1066 1133 1111 his
1162 1067 1287 1111 libris
1315 1067 1401 1112 hoc

37 1127 172 1174 fuisse
213 1128 511 1185 propositum,
558 1134 607 1170 ut
645 1141 741 1169 eam
781 1125 991 1169 conderet
1020 1124 1258 1180 civitatem,
1288 1140 1401 1182 quae

35 1185 120 1227 etsi
158 1184 337 1242 propius
377 1184 434 1227 ad
462 1185 603 1241 ipsius
644 1184 760 1226 vitae
799 1183 1027 1226 veritatem
1058 1181 1303 1238 accederet,
1333 1189 1401 1226 ta-

38 1256 135 1284 men
176 1243 279 1285 item
320 1241 385 1285 sic
424 1249 544 1285 esset
583 1247 863 1298 comparata,
902 1245 953 1283 ut
992 1239 1153 1282 virtute
1193 1255 1246 1284 ac
1274 1254 1401 1298 prae-

38 1299 201 1341 stantia
239 1314 319 1342 sua
348 1299 463 1342 ultra
501 1298 745 1356 vulgarium
777 1297 1003 1340 civitatum
1033 1296 1209 1340 laudem
1239 1298 1400 1341 emine-

37 1362 128 1410 ret,
183 1363 226 1398 et
278 1357 478 1414 exemplo
522 1357 669 1412 aliquo
708 1355 997 1399 luculentiore
1040 1355 1312 1412 patefaceret
1348 1370 1401 1400 ac

37 1412 300 1469 declararet,
343 1429 430 1470 qua
454 1414 621 1457 ratione
652 1427 766 1468 quae
794 1428 948 1455 revera
984 1412 1280 1469 reperirentur
1307 1427 1399 1458 res-

37 1470 240 1527 publicae
273 1473 496 1528 sapienter
526 1470 747 1513 emendari
779 1476 823 1512 et
855 1468 909 1512 ad
941 1470 1146 1512 maiorem
1176 1469 1398 1526 quandam

36 1543 135 1571 cum
175 1530 397 1586 perfectae
437 1529 627 1572 civitatis
669 1529 815 1585 specie
853 1533 898 1571 et
928 1527 1120 1627 imagiine
1150 1527 1400 1571 similitudi-

36 1600 133 1628 nem
163 1586 343 1643 provehi
374 1594 419 1629 et
447 1585 642 1629 converti
674 1596 869 1642 possent.
929 1584 1018 1640 Qui
1079 1585 1244 1643 igit-ur?
1301 1586 1399 1629 ubi·

38 1658 136 1685 nam
173 1652 383 1686 terrarum
426 1659 590 1700 quaeso
625 1643 742 1685 illam
775 1643 1024 1698 putabimus
1054 1650 1171 1687 recte
1201 1644 1400 1701 potuisse

36 1700 91 1743 ab
131 1716 183 1743 eo
222 1700 352 1744 condi
405 1709 540 1757 atque
581 1700 786 1744 fundari?
843 1700 964 1743 Num
1020 1700 1133 1744 forte
1178 1700 1399 1745 Athenis?

38 1759 101 1800 At
129 1758 242 1800 istuc
273 1758 448 1815 quidem
488 1774 697 1817 perquam
731 1757 887 1801 fuisset
917 1757 1143 1801 inficetum
1175 1773 1227 1801 ac
1258 1774 1398 1817 prope

38 1814 280 1859 ridiculum.
348 1821 418 1859 An
458 1817 502 1859 in
551 1816 698 1859 vicina
748 1815 896 1872 aliqua
936 1814 1153 1859 Graeciae
1201 1817 1396 1874 regione,

37 1871 218 1924 Thebis,
250 1872 452 1928 Spartae,
475 1872 707 1917 Corinthi?
769 1872 822 1915 Id
853 1888 959 1916 vero
989 1879 1190 1929 apertum
1213 1880 1281 1917 est
1309 1890 1398 1917 non

38 1928 179 1971 minus
211 1929 402 1971 futurum
446 1931 581 1973 fuisse
612 1930 864 1973 absurdum.
926 1931 998 1973 An
1029 1930 1073 1972 in
1103 1936 1222 1973 terra
1251 1931 1399 1988 aliqua

38 1986 292 2043 peregrina,
341 2001 454 2041 quae
491 1988 702 2030 barbaros
753 1994 828 2028 aut
870 1987 1012 2029 minus
1052 1993 1180 2030 notos
1219 1987 1400 2032 haberet

35 2043 232 2086 incolas?
290 2043 431 2099 Atqui
460 2046 544 2086 isto
569 2044 698 2087 modo
733 2043 861 2086 Plato
892 2059 980 2087 non
1010 2044 1228 2100 potuisset
1257 2061 1399 2103 popu-

37 2100 201 2143 laribus
243 2101 358 2155 suis,
400 2101 559 2157 quibus
588 2102 688 2145 unis
728 2101 927 2159 scripsit,
968 2099 1167 2145 Graecae
1205 2102 1398 2149 civitatis

38 2158 257 2216 exemplar
285 2165 387 2201 ante
427 2159 579 2202 oculos
617 2174 806 2216 ponere,
848 2158 978 2215 quale
1016 2158 1103 2203 illis
1141 2159 1398 2205 intuendum

39 2214 410 2272 spectandumque
466 2216 713 2273 proposuit.
791 2218 863 2258 An
905 2216 1095 2273 denique
1132 2217 1176 2260 in
1218 2219 1397 2276 regione

39 2272 104 2315 vel
144 2278 260 2316 terra
301 2273 448 2330 aliqua
477 2274 674 2329 incerta,
705 2273 875 2329 qualem
908 2273 1040 2317 hodie
1071 2274 1164 2319 Uto
1199 2275 1284 2318 iam
1314 2277 1396 2320 fin-

38 2344 140 2388 gere
170 2330 342 2374 solent?
381 2331 599 2375 Nimirum
630 2337 681 2374 ut
709 2331 817 2375 alias
845 2338 1067 2375 taceamus
1095 2331 1165 2374 dif
1195 2333 1396 2389 cultates,

39 2387 198 2442 quibus
240 2403 291 2431 ea
331 2388 443 2431 ratio
481 2388 732 2432 laboratura
769 2389 951 2444 fuisset,
1004 2404 1059 2432 ne
1096 2388 1180 2433 hoc
1219 2392 1397 2447 quidem

37 2451 168 2500 pacto
198 2443 372 2490 Graeca
399 2442 545 2503 aliqua
577 2446 749 2501 civitas,
780 2446 923 2502 qualis
952 2452 1019 2490 est
1044 2446 1154 2491 haec
1182 2447 1397 2505 Platonis,

39 2502 263 2550 commode
293 2504 510 2560 potuisset
547 2502 723 2561 depingi
758 2510 801 2546 et
831 2504 999 2561 legibus
1031 2504 1207 2562 optimis
1238 2506 1396 2551 ornari.

40 2558 195 2615 Itaque
235 2561 556 2618 sapientissime
593 2561 887 2618 philosophus
919 2560 1095 2605 Cretam
1126 2562 1228 2606 fecit
1256 2579 1396 2609 novae

39 2615 227 2660 civitatis
258 2617 420 2672 sedem,
454 2618 538 2662 hoc
567 2625 636 2663 est
665 2634 759 2663 eam
789 2626 973 2674 terram,
1004 2634 1119 2675 quae
1150 2626 1196 2663 et
1225 2619 1397 2666 Graeca

41 2679 177 2727 esset,
220 2684 263 2717 et
292 2690 319 2716 a
345 2676 598 2720 continente
626 2676 801 2733 longius
855 2675 1075 2721 disiuncta
1124 2674 1395 2736 Graecisque

1070 2743 1105 2786 C
