1644 2886
254 117 335 156 400
688 112 1138 156 ARGUMENTUM

260 226 457 267 munibus
497 223 686 265 consiliis
732 222 1032 265 deliberabunt
1068 239 1118 265 ac
1159 223 1401 266 decernent.
1464 225 1580 277 Lege

254 297 356 324 vero
398 280 680 321 constitutum
721 286 848 331 atque
879 279 1090 320 sancitum
1120 279 1203 320 hoc
1233 279 1313 331 sit,
1345 286 1391 320 ut
1420 278 1580 320 duode—

254 337 335 379 cim
367 335 473 388 diis,
506 350 531 375 a
563 335 717 387 quibus
747 335 942 390 singulae
969 334 1435 387 tribusldenominatae
1466 342 1580 387 sunt,

255 391 435 447 singulis
475 390 693 431 mensibus
732 404 809 431 sua
847 391 1003 444 cuique
1049 404 1172 431 sacra
1213 391 1318 431 fiant
1356 405 1452 431 cum
1493 404 1582 431 cer-

255 447 485 488 taminibus
526 453 614 486 tum
655 445 828 486 musicis
868 452 955 486 tum
988 446 1198 501 gymnicis
1229 447 1472 487 coniuncta.
1531 444 1582 485 In

256 517 341 557 qua
380 509 522 543 tamen
562 516 605 541 re
645 501 878 541 inferorum
928 501 1104 541 deorum
1160 516 1281 542 sacra
1321 500 1584 555 seiungenda

255 564 357 600 sunt
403 573 428 597 a
468 556 727 598 solemnibus
767 556 810 596 in
861 556 1063 596 honorem
1112 555 1287 597 deorum
1336 556 1583 597 coelestium

254 613 484 665 institutis,
516 613 577 652 ita
608 611 809 664 quidem,
841 618 890 652 ut
919 611 992 651 illa
1021 627 1107 652 uno
1139 627 1282 653 mense
1313 611 1583 664 duodecimo,

257 669 430 710 Plutoni
481 682 626 721 sacro,
681 677 954 723 peragantur.
1042 667 1216 722 Quippe
1254 668 1367 710 hunc
1415 682 1586 721 quoque

255 725 382 766 deum
422 724 486 772 fas
526 729 593 764 est
633 737 656 763 a
693 723 851 777 populo
892 722 1096 764 bellicoso
1138 723 1373 776 eodemque
1403 723 1474 777 pio
1505 723 1585 763 rite

256 781 340 822 coli
371 786 499 833 atque
531 779 731 819 honorari
761 779 829 832 (p.
862 779 955 820 828.
989 781 1044 820 A.
1074 802 1127 807 —
1162 779 1248 832 D.).
1309 778 1452 830 Quum
1483 793 1585 819 vero

256 836 311 877 ad
353 836 485 877 vitam
526 835 694 875 beatam
734 848 783 874 ac
824 833 989 874 felicem
1029 833 1155 886 plane
1194 835 1251 874 sit
1282 834 1584 886 necessarium,

257 898 306 933 ut
343 906 429 932 non
461 889 587 930 modo
618 890 725 929 alios
756 904 842 929 non
872 889 1108 930 afficiamus
1139 889 1317 941 iniuria,
1350 889 1426 930 sed
1457 890 1583 930 etiam

257 948 338 1002 ipsi
381 947 433 987 ab
473 945 639 985 iniuriis
676 944 760 984 tuti
800 945 931 985 simus
962 945 1186 998 paratique
1219 944 1273 985 ad
1302 945 1507 986 arcendas
1536 959 1586 985 ac

258 1000 571 1058 propulsandas
592 999 780 1052 hostium
808 997 1132 1054 aggressibues3
1164 1000 1586 1055 civitatemwpruden-

257 1065 341 1100 tem
379 1064 422 1099 et
460 1057 569 1098 bene
608 1062 814 1097 moratam
854 1061 1024 1109 oportet
1060 1055 1240 1110 singulis
1268 1056 1483 1097 mensibus
1513 1071 1589 1111 per

256 1129 386 1156 unum
426 1113 658 1153 alterumve
689 1111 801 1152 diem
830 1111 1034 1151 militares
1065 1111 1288 1152 instituere
1317 1111 1585 1153 exercitatio-

256 1184 344 1212 nes.
413 1167 542 1220 Quod
583 1166 756 1220 quidem
794 1167 854 1206 ita
890 1166 966 1207 fiet
1008 1167 1373 1219 commodissime,
1415 1173 1463 1207 ut
1491 1182 1586 1208 cum

256 1226 389 1267 sacris
433 1223 692 1265 solemnibus
722 1223 955 1277 iungantur
983 1221 1074 1262 ludi
1104 1222 1306 1263 militares
1339 1221 1392 1263 ad
1421 1238 1587 1278 pugna-

258 1297 350 1322 rum
406 1280 653 1322 bellicarum
709 1277 1032 1319 similitudinem
1082 1292 1209 1330 quam
1259 1278 1587 1333 diligentissime

258 1335 518 1392 comparati,
561 1334 718 1388 quibus
757 1340 800 1374 et
839 1333 919 1374 viri
948 1339 991 1380 et
1028 1333 1224 1375 mulieres
1265 1334 1476 1376 intersint.
1532 1333 1587 1374 In

257 1393 324 1435 his
346 1407 446 1434 vero
464 1390 578 1432 ludis
597 1390 700 1431 boni
730 1384 797 1430 ac’
808 1389 940 1430 fortes
962 1388 1160 1430 laudibus
1191 1395 1414 1439 ornentur;
1445 1389 1591 1444 ignavi

258 1454 409 1491 contra
424 1453 466 1488 et
485 1445 677 1488 imbelles
698 1451 901 1486 notentur
924 1444 1589 1500 etignominiaafficiantur,quo

257 1505 393 1560 magis
417 1503 572 1544 civium
603 1501 730 1542 animi
751 1500 806 1541 ad
825 1501 1026 1541 virtutem
1050 1499 1273 1541 colendam
1294 1499 1589 1542 incendantur.

255 1563 403 1614 Atque
433 1558 515 1599 hoc
537 1571 621 1611 quo
652 1557 810 1598 certius
832 1556 893 1596 ita
925 1556 1108 1607 eveniat,
1134 1555 1337 1596 laudandi
1360 1556 1590 1610 reprehen-
1643 1600 1644 1610 2

257 1614 476 1668 dendique
505 1613 631 1654 venia
660 1627 746 1653 non
776 1611 912 1652 cuivis
945 1610 1223 1662 concedatur,
1256 1611 1331 1652 sed
1361 1613 1456 1658 unis
1489 1611 1589 1652 viris
1642 1616 1644 1624 ’

254 1671 460 1728 gravibus
489 1669 735 1720 virtuteque
766 1681 843 1708 sua
865 1665 1070 1720 spectatis
1090 1666 1343 1720 permissum
1372 1667 1444 1719 sit,
1477 1667 1590 1709 eius·
1642 1705 1643 1711 ,

255 1725 374 1768 modi
413 1726 601 1767 carmina
640 1723 797 1776 facere,
829 1722 1036 1763 iudicium
1066 1736 1189 1762 suum
1219 1722 1590 1777 interponentibus
1642 1742 1643 1745 ¹

256 1780 525 1824 educationis
576 1778 792 1834 praefecto
839 1777 1103 1831 reliquisque
1147 1777 1291 1833 legum
1338 1777 1590 1819 custodibus

257 1839 329 1894 (p.
372 1837 466 1879 828.
497 1835 554 1878 D.
581 1859 635 1865 —-—
665 1835 761 1875 829.
792 1833 848 1875 D.
881 1833 973 1887 E..)
1035 1831 1134 1884 Quo
1165 1833 1344 1888 propius
1375 1840 1517 1874 autem
1546 1833 1591 1882 hi

256 1893 349 1935 ludi
389 1892 445 1934 ad
482 1890 580 1932 belli
619 1888 896 1940 similitudem
934 1887 1164 1942 accedant,
1209 1888 1321 1930 inter
1359 1903 1432 1945 eos
1463 1888 1590 1930 etiam

258 1948 386 1991 armis
425 1962 475 1989 ac
512 1946 608 1988 telis
645 1944 851 1987 utendum
883 1943 961 1984 erit
991 1943 1067 1997 iis,
1107 1958 1216 1997 quae
1245 1945 1372 1987 armis
1404 1944 1447 1985 in
1477 1943 1590 1985 bello
1640 1943 1642 1946 ’

258 2003 428 2047 usitatis
458 2002 545 2044 sint
565 2016 692 2057 quam
723 1999 958 2050 simillima3
989 1999 1092 2052 quin
1123 2000 1266 2054 etiam,
1299 2000 1335 2041 si
1353 2000 1449 2053 quis
1481 2000 1591 2041 forte
1640 2021 1644 2041 s

256 2061 301 2102 in
340 2060 426 2101 illis
456 2058 585 2099 fuerit
613 2057 888 2108 interfectus,
920 2055 1002 2096 hoc
1031 2069 1117 2109 non
1150 2056 1230 2096 erit
1259 2054 1590 2097 ut‘maleficium
1639 2099 1640 2102 Ἴ

257 2121 332 2158 aut
369 2114 573 2163 delictum
609 2111 874 2170 puniendum
916 2117 1045 2164 atque
1079 2110 1368 2154 ulciscendum
1401 2116 1465 2165 (p.
1497 2111 1590 2152 830,
1643 2116 1644 2163 ζ

255 2173 312 2214 A.
342 2195 396 2200 -—
426 2171 522 2211 831.
553 2170 643 2224 A.).
702 2168 796 2214 Iam
835 2182 936 2208 vero
976 2165 1172 2208 civitates
1213 2166 1442 2221 pleraeque
1475 2165 1592 2219 quod

254 2226 361 2268 haec
400 2224 605 2267 exercitia
642 2224 796 2266 bellica
833 2222 920 2263 fere
961 2221 1186 2277 negligunt
1224 2228 1266 2263 et
1293 2226 1589 2274 contemnunt,

256 2279 348 2324 eius
370 2281 432 2322 rei
459 2294 636 2332 caussae
666 2277 1014 2335 imprimisduae
1045 2284 1158 2324 sunt.
1206 2276 1403 2324 Cernitur
1433 2292 1517 2317 una
1547 2277 1592 2317 in

255 2352 390 2392 prava
422 2335 530 2378 lucri
561 2335 811 2391 cupiditate,
845 2348 929 2387 qua
959 2333 1119 2374 incensi
1140 2332 1334 2374 homines
1355 2333 1430 2373 uni
1461 2347 1590 2386 quae·
1638 2345 1639 2380 ζ

255 2393 343 2434 stui
380 2391 652 2447 potissimum
689 2389 929 2432 inserviunt
967 2394 1009 2428 et
1047 2402 1073 2428 a
1110 2388 1298 2429 liberalis
1347 2387 1590 2429 certaminis
1637 2402 1639 2419 2

257 2447 401 2490 studio
449 2447 581 2501 plane>
626 2450 873 2501 avocantur.
941 2444 1092 2484 Altera
1128 2443 1270 2498 posita
1310 2450 1376 2484 est
1414 2444 1456 2484 in
1497 2458 1591 2498 per·
1636 2456 1644 2484 Νι

254 2518 381 2546 verso
430 2502 652 2544 civitatum
693 2500 923 2557 regimine,
974 2498 1328 2554 quandoquidem
1359 2499 1413 2552 ii,
1460 2513 1591 2553 penes
1636 2494 1644 2535 ’2

256 2558 628 2614 quos-imperium
659 2563 749 2610 est,
781 2556 872 2603 sive
903 2555 1190 2610 isfltyrannus‘
1210 2555 1291 2608 sit,
1333 2554 1423 2606 sive
1453 2569 1590 2610 popu·

254 2615 346 2667 lus,
390 2614 481 2656 sive
512 2613 642 2670 pauci
672 2611 856 2663 delecti,
905 2610 992 2652 fere
1021 2615 1241 2668 metuunt,
1269 2624 1321 2652 ne
1350 2609 1489 2665 cives,
1517 2608 1591 2651 ubi
