1644 2886
168 76 250 119 DE
285 72 559 117 LEGIBUS
591 73 708 115 [ΑΒ.
743 71 873 114 V111.
913 72 959 112 l’.
992 72 1085 112 832).
1116 70 1180 112 St.
1340 71 1424 110 443

60 192 265 249 βούλοιτ’
316 190 376 236 ἄν
422 207 499 237 σοι.
543 189 751 249 φύεσθαι
798 186 847 231 τὸ
892 193 1080 245 σπαρέν.
1123 186 1148 232 ὁ
1196 184 1250 239 δὴ
1287 186 1425 242 νόμος

62 254 195 312 οὗτος
247 258 450 312 διηνεκὴς
495 263 576 313 μὲν
629 256 866 312 γενόμενος
922 254 1019 311 ἅμα
1063 257 1136 298 καὶ
1184 253 1424 310 κρατήσας,

61 327 276 383 καθάπερ
314 328 394 369 νῦν
430 328 527 383 περὶ
564 325 647 374 τὰς
683 325 773 366 τῶν
809 319 974 378 γονέων
1008 322 1232 379 συμμίξεις
1258 330 1425 378 κρατεῖ,

61 394 143 438 ἐὰν
177 397 251 437 καὶ
286 395 387 449 περὶ
424 390 507 443 τὰς
539 389 682 441 ἄλλως
714 389 885 451 νικήσῃ
908 393 1100 440 δικαίως,
1135 393 1275 445 μυρία
1309 386 1424 443 ἁγα-

63 461 134 505 θοὶ
167 464 275 517 ἔχει..
321 458 434 503 κατὰ
475 457 614 519 φύσιν
648 459 730 513 μὲν
764 458 851 514 γὰρ
888 459 1068 513 πρῶτον
1113 465 1279 507 κεῖται,
1320 454 1424 499 λύτ-

62 545 138 582 της
170 530 215 573 δὲ
250 529 460 584 ἐρωτικῆς
494 529 568 569 καὶ
603 528 768 580 μανίας
804 527 881 568 καὶ
922 525 1128 580 μοιχειῶν
1166 525 1324 567 πασῶν
1349 525 1425 567 καὶ

61 596 283 651 πωμάτων
328 596 401 638 καὶ
438 596 589 637 σιτίων
633 591 868 647 εἴργεσθαι
921 600 1038 635 ποιεῖ
1081 592 1172 634 τῶν
1212 590 1423 647 ἀμέτρων

61 661 261 718 πάντων,
297 661 469 716 γυναιξί
510 677 555 704 τε
589 658 741 703 αὐτῶν
775 663 962 710 οἰκείους
995 657 1108 703 εἶναι
1141 659 1215 702 καὶ
1244 660 1425 718 φίλους·

62 805 108 838 A.
134 803 213 837 coll.
238 804 350 845 Legg.
376 803 406 835 1.
432 813 466 844 p.
491 801 570 836 648.
598 800 638 833 C.
659 799 740 835 649.
766 802 811 831 A.
842 799 896 832 vl.
923 810 956 842 p.
979 799 1058 835 773.
1084 799 1130 834 D.
1156 798 1235 834 782.
1262 802 1307 834 Α.
1337 799 1424 832 vlu.

62 861 98 892 p.
119 849 199 884 844.
221 849 265 882 B.
292 849 360 882 xl.
385 859 418 891 p.
445 848 526 883 932.
550 847 595 879 Ε.
632 847 700 879 Pro
733 848 826 888 vulg.
864 848 981 878 σιτίων
1007 845 1038 878 ν’.
1062 846 1086 880 f.
1112 857 1139 878 r.
1167 852 1202 878 et
1226 856 1278 889 pr.
1309 844 1346 878 Ω.
1373 847 1422 877 σι’-

64 896 141 934 ufir,
167 894 239 928 Sed
265 896 368 927 σίτων
391 887 467 928 mc.
493 895 528 926 h.
555 900 590 926 et
614 893 711 926 Flor.
737 903 768 927 a.
795 903 823 926 c.
855 903 885 924 0.
915 893 1009 925 conf.
1030 892 1219 925 Heindorf.
1244 893 1288 924 ad
1314 892 1425 925 Phae-

63 943 147 975 don.
175 951 209 983 p.
235 941 292 976 37.

155 988 196 1025 Β.
245 983 358 1019 εἶναι
387 987 451 1019 καὶ
477 985 654 1029 φίλους]
683 985 738 1017 καὶ
762 995 832 1019 om.
860 986 900 1016 Α.
926 989 961 1016 et
983 994 1034 1026 pr.
1066 981 1104 1017 Ω.

63 1101 155 1133 iecto
182 1099 521 1142 accipiendnm‘est‚
552 1103 590 1130 ut
614 1098 706 1131 idem

63 1148 111 1179 sit
137 1147 233 1189 quod
259 1143 404 1188 γόνιμόν
430 1156 468 1185 11,
485 1146 539 1177 vel
562 1142 710 1187 γόνιμον

65 1189 188 1231 οὐδὲν,
213 1193 257 1225 de
283 1203 353 1235 quo
387 1202 453 1224 usu
479 1192 648 1234 loquendi
674 1202 709 1224 v.

64 1239 109 1272 ud
135 1238 296 1281 Sympos.
324 1249 357 1280 p.
384 1238 463 1272 175.
488 1238 659 1278 311988.
676 1237 705 1270 1.

65 1296 98 1326 p.
125 1285 205 1319 633.
233 1285 274 1317 B.
301 1284 379 1319 642.
408 1286 453 1316 Α.
480 1284 527 1315 11.
555 1282 635 1318 658.
666 1282 706 1315 C.

65 1331 135 1363 111.
161 1331 239 1365 685.
267 1331 516 1363 A.Phaedon.
541 1341 574 1372 p.
594 1329 651 1364 98.
668 1328 707 1361 C.

64 1378 305 1419 imprimisque
341 1386 431 1418 quae
459 1377 502 1408 de
541 1372 646 1407 οὐδέν
669 1385 711 1407 ac

66 1435 95 1455 τι
119 1429 202 1465 post
233 1426 457 1465 negationem
491 1424 624 1454 omisso
650 1431 710 1453 ex-

65 1470 247 1512 posuimus
283 1470 329 1501 ad
362 1467 474 1510 Gorg.
502 1479 535 1510 p.
561 1467 642 1503 485.
662 1467 708 1499 D.

66 1520 101 1547 et
126 1516 239 1557 Legg.
257 1526 290 1546 v.
311 1525 345 1556 p.
367 1514 445 1549 736.
471 1515 514 1546 D.
540 1525 610 1556 quo
631 1515 709 1546 loco

66 1562 174 1603 vulgo
209 1558 315 1592 οὐδέν
347 1566 486 1602 praeter
516 1561 620 1593 fidem
651 1570 710 1591 co-

66 1609 183 1640 dicum
207 1608 367 1640 additum
394 1607 557 1639 vidimus.
601 1606 710 1639 Falli-

66 1659 124 1686 tur
162 1654 273 1695 igitur
314 1654 472 1685 Astius
514 1650 622 1685 verba
661 1653 712 1684 sic

66 1701 323 1742 interpretans:
371 1699 443 1730 ubi
491 1709 712 1740 nunquam

67 1747 206 1779 vitale
255 1745 340 1778 erit
385 1750 428 1777 et
485 1745 711 1777 radicibus

66 1793 188 1824 actis
245 1801 359 1823 suam
426 1792 712 1823 nanciscetur

67 1843 163 1870 natu
175 1847 279 1876 ram3
301 1839 375 1879 qua
399 1836 636 1877 explicatione
651 1836 712 1868 ad·

67 1885 176 1916 missa
198 1893 305 1924 aegre
330 1883 554 1914 desideratur
577 1883 713 1915 subiec-

69 1936 152 1963 tum.
179 1930 276 1961 Idem
296 1929 350 1960 vir
374 1928 500 1960 doctus
524 1929 713 1970 legendum

69 1981 204 2009 censet:
232 1969 278 2007 οὗ
303 1970 346 2006 οὔ
372 1972 512 2016 μήποτε,
538 1977 634 2017 quod
655 1985 711 2006 re·

68 2027 237 2064 ceperunt
259 2029 370 2062 nuper
384 2020 608 2053 Turicenses.
639 2020 714 2052 Nec

70 2079 136 2101 nos
160 2069 402 2101 dubitaremus
421 2067 460 2098 id
477 2067 619 2099 Platoni
635 2067 714 2098 red-

70 2115 170 2155 dere,
222 2115 251 2147 si
295 2114 400 2146 modo
444 2114 487 2145 ab
533 2113 713 2145 codicibus

71 2161 219 2193 haberet
278 2161 433 2201 aliquam
493 2160 713 2192 commenda—

73 2209 215 2239 tionem.

119 2253 160 2285 P.
185 2251 266 2286 839.
315 2249 357 2282 ἐν
385 2245 404 2292 ᾗ
434 2249 482 2293 μὴ
519 2247 716 2292 βούλοιτ’

70 2296 142 2341 ἄν]
168 2298 252 2331 Fuit
277 2298 337 2339 qui
355 2295 503 2339 βούλοιο
526 2298 712 2339 legendum

72 2350 230 2387 putaret,
257 2344 352 2385 quod
379 2350 468 2376 teste
494 2344 650 2376 Bastio
677 2345 713 2376 in

73 2401 186 2433 marg.
221 2391 302 2423 Vat.
335 2387 371 2421 ΩΔ
407 2395 614 2422 annotatum
647 2394 711 2422 est.

73 2435 145 2469 Sed
167 2443 262 2469 recte
285 2437 400 2478 ipsum
428 2435 466 2468 τὸ
500 2436 631 2477 σπαρέν
660 2436 712 2468 di-

73 2484 165 2514 citur
197 2481 242 2525 μὴ
274 2480 487 2524 βούλεσθαι,
527 2483 712 2515 notissimo

75 2529 240 2571 loquendi
280 2539 365 2570 usu,
410 2539 481 2572 quo
517 2526 712 2570 βούλεσθαι

73 2579 178 2616 atque
210 2571 343 2607 ἐθέλειν
380 2576 483 2607 etiam
523 2576 567 2607 de
607 2576 711 2608 rebus

75 2621 276 2653 inanimatis
313 2626 545 2663 usurpantur,
587 2622 638 2654 ita
673 2627 713 2653 ut

75 2666 148 2699 sere
172 2667 263 2699 idem
299 2667 498 2708 significent
528 2668 622 2710 quod
650 2666 706 2699 815-

787 1095 929 1130 νασθαι.
957 1107 989 1127 v.
1007 1095 1206 1130 Gataker
1230 1099 1275 1131 ad
1289 1100 1424 1131 Anton.

786 1144 834 1175 X.
859 1142 892 1177 8.
918 1143 1031 1185 intpp.
1057 1144 1103 1176 ad
1139 1142 1320 1186 Gregor.
1347 1145 1424 1177 Co·

785 1190 919 1222 rinth.
945 1199 978 1230 p.
1007 1188 1075 1224 135
1099 1201 1152 1232 sq.
1188 1191 1425 1224 Heindorf.

781 1237 828 1268 ad
854 1234 986 1277 Cratyl.
1012 1246 1046 1276 p.
1071 1234 1153 1270 412.
1180 1236 1223 1269 B.
1250 1237 1289 1271 C.
1322 1237 1426 1270 Vana

785 1283 894 1324 igitur
925 1286 979 1313 est
1011 1282 1257 1316 Hermanni
1288 1285 1425 1325 opinio,

786 1329 846 1370 qui
871 1333 1014 1360 nostrae
1037 1329 1168 1361 rationi
1198 1330 1287 1361 illud
1313 1333 1425 1363 maxi-

785 1385 839 1406 me
881 1375 1025 1407 officere
1068 1375 1280 1416 arbitratur,
1329 1377 1424 1418 quod

779 1419 914 1452 ἐθέλειν
936 1421 1057 1463 potius
1084 1423 1323 1463 usurpandum
1348 1423 1423 1455 fue-

763 1469 836 1503 «rit.
900 1466 993 1499 Nam
1034 1465 1234 1508 βούλεσθαι
1264 1469 1315 1501 sic
1347 1470 1424 1512 ipse

779 1514 885 1545 Plato
917 1514 1009 1545 dixit
1042 1523 1114 1545 non
1144 1525 1216 1546 uno
1249 1515 1350 1556 loco,
1385 1520 1425 1546 ut

779 1559 875 1592 Crat.
910 1560 930 1591 Ι.
969 1571 997 1591 c.
1033 1570 1067 1601 p.
1100 1559 1181 1594 422.
1222 1560 1268 1592 D.
1308 1561 1423 1603 Legg.

777 1606 826 1638 11.
853 1607 903 1638 in.
955 1605 1082 1648 Neque
1109 1616 1166 1639 σοι
1190 1607 1289 1639 istud
1314 1608 1423 1640 ullam

779 1653 884 1685 affert
908 1652 1118 1684 molestiam.

828 1695 931 1730 κατὰ
968 1696 1108 1738 φύσιν
1141 1697 1220 1738 μὲν
1251 1696 1328 1741 γὰρ
1361 1699 1422 1741 -]

782 1743 835 1776 En
846 1744 1098 1786 philosophum
1115 1747 1330 1778 matrimonii
1343 1756 1424 1778 san-

779 1791 935 1822 ctitatem
948 1791 1158 1831 gravissime
1174 1793 1423 1824 commendan-

779 1841 866 1874 tem,
910 1840 944 1867 et
992 1837 1206 1878 vulgivagae
1254 1837 1424 1870 lubidinis

780 1882 1035 1925 turpitudinem
1066 1893 1242 1924 generosa
1268 1895 1345 1916 cum
1370 1884 1424 1915 in-

782 1929 990 1970 dignatione
1038 1929 1270 1962 detestantem
1318 1936 1426 1972 atque

782 1975 1087 2009 condemnantem.
1115 1975 1203 2008 Tam
1229 1977 1349 2017 gravis
1373 1981 1424 2009 ta-

782 2032 861 2052 men
886 2026 992 2062 atque
1024 2031 1149 2053 severa
1179 2022 1293 2054 oratio
1327 2033 1423 2055 scru-

782 2068 903 2108 pulum
945 2067 1067 2099 iniecit
1108 2067 1283 2100 Zellero
1321 2067 1428 2102 Stud.

786 2113 949 2145 l’latonn.
987 2124 1007 2154 p
1044 2113 1100 2147 76.
1142 2115 1202 2155 qui
1235 2125 1311 2147 eam
1346 2125 1423 2147 cum

782 2158 943 2192 Platonis
970 2159 1168 2192 urbanitate
1193 2161 1328 2193 scilieet
1352 2171 1423 2193 non

782 2207 867 2238 satis
884 2206 1075 2238 convenire
1097 2206 1304 2240 arbitratur.
1330 2205 1424 2245 Qua-

782 2253 811 2284 si
840 2262 922 2284 vero
947 2262 1019 2284 non
1046 2253 1186 2284 licuerit
1209 2253 1424 2295 philosopho

782 2299 870 2330 vitia
912 2304 982 2331 tam
1026 2298 1133 2331 foeda
1167 2303 1202 2331 et
1236 2299 1426 2331 horribilia

782 2351 922 2386 tamque
954 2345 1024 2377 late
1047 2350 1245 2387 propagata
1268 2346 1425 2387 graviter

782 2391 958 2432 castigare
981 2396 1016 2423 et
1039 2392 1149 2431 omni,
1176 2402 1246 2433 qua
1270 2396 1424 2433 poterat,

782 2438 854 2468 oris
880 2437 1043 2469 libertate
1070 2438 1250 2470 insectari.
1302 2437 1423 2470 Enim-

781 2483 912 2515 veroid
927 2484 1056 2525 ipsum,
1070 2484 1299 2525 siquidquam
1314 2485 1424 2523 aliud,

781 2529 942 2563 Platonis
986 2539 1140 2571 persona
1175 2531 1230 2561 vel
1271 2531 1422 2563 maxime

780 2575 924 2617 dignum
949 2581 1124 2617 putamus,
1152 2575 1212 2617 qui
1236 2575 1342 2609 etiam
1367 2577 1421 2610 his

780 2621 816 2653 in
842 2622 946 2654 rebus
979 2621 1106 2654 ceteris
1132 2620 1278 2655 Graecis
1310 2624 1420 2655 omni-

781 2668 844 2699 hus
881 2668 1004 2701 melius
1043 2668 1212 2710 pervidit,
1247 2669 1331 2710 quid
1366 2669 1420 2701 vol
