1644 2886
274 128 405 170 LXX
415 126 522 169 v¹111
703 122 1179 167 PROLEGOMENA

274 239 349 280 ubi
387 244 503 279 certe
545 234 756 290 liquidum
796 239 862 276 est
892 233 1130 276 rectissime
1159 233 1365 289 scriptum
1396 236 1504 291 legi:
1533 243 1608 288 με,-

275 291 417 347 yse-69
454 309 497 334 τι
538 291 749 347 ὠφελείας
787 287 911 341 ἄξιον
958 291 1120 340 πολλῆς
1158 291 1373 343 σπουδῆς,
1414 290 1610 346 quando·

276 348 449 403 quidem
479 346 682 401 primaria
712 346 776 387 vis
806 345 850 386 in
881 344 1178 400 magnitudine
1208 346 1481 400 continetur,
1525 361 1610 401 qua

274 406 371 458 ipsa
408 402 579 443 demum
619 401 734 449 effici
770 400 878 442 illud
916 400 1155 454 iudicatur,
1193 406 1243 442 ut
1270 401 1436 444 utilitas
1463 401 1609 444 studio

276 459 409 515 digna
447 458 517 498 sit.
586 456 741 512 Neque
784 456 908 498 aliter
935 456 1257 512 interpretanda
1286 464 1388 499 sunt
1415 458 1511 499 illa:
1541 474 1614 499 ›zv-

275 517 496 566 παρίττων
523 511 621 566 ὕψη
652 529 695 554 τε
725 516 797 554 καὶ
830 511 963 562 κάλλη
997 511 1241 566 θαυμάσια,
1272 518 1321 553 ut
1346 528 1484 567 >quum
1507 512 1611 555 Ger-

275 569 440 611 manice
490 568 692 610 dicimus:
746 567 830 609 die
885 567 1145 609 wunderb
1163 582 1249 609 are
1299 568 1455 610 the
1502 568 1612 610 und

276 624 591 667 Schiinheit
630 623 723 665 der
771 622 1314 679 Cypressenbaum'e,
1366 623 1483 678 quod
1537 624 1612 666 ali-

277 686 484 735 quantum
507 678 653 721 diflert
682 693 707 720 a
726 679 894 735 vulgari
920 681 1024 721 isto:
1055 679 1384 721 wunderbar
1413 680 1613 723 schone

277 735 380 778 und
449 735 591 777 hohe
660 734 1201 791 Cypressenbaume,
1263 735 1613 790 quandoquidem

280 791 453 833 nomine
511 791 728 833 abstracto
788 792 925 833 virtus
978 790 1282 846 pulcritudinis
1329 797 1372 832 et
1419 791 1612 833 altitudi-

276 847 344 890 nis
391 847 435 888 in
483 861 529 890 se
578 853 776 902 spectata
821 847 959 903 magis
1003 847 1222 887 extollitur
1258 847 1518 903 graviusque
1556 847 1613 889 si-

277 903 522 960 gnificatur.
591 903 728 944 Cuius
771 904 939 958 generis
979 902 1108 943 alium
1146 902 1288 944 locum
1316 903 1442 958 plane
1472 903 1614 945 consi—

275 959 419 1001 milem
459 973 597 1013 nuper
635 958 679 999 in
712 957 911 1000 Phaedro
941 957 1134 999 Platonis
1173 959 1387 1000 communi
1417 958 1615 1001 codicum

276 1029 492 1058 consensu
537 1029 562 1055 a
613 1014 859 1056 criticorum
906 1013 1248 1056 dubitationibus
1300 1014 1614 1057 vindicavimus

276 1087 318 1128 p.
359 1072 454 1112 229.
494 1070 548 1111 D.
589 1070 663 1111 ubi
692 1070 932 1112 rectissime
962 1069 1141 1126 legitur:
1173 1073 1245 1111 καὶ
1274 1068 1417 1112 ἄλλων
1448 1068 1615 1124 ἀμηχά-

276 1142 365 1169 νων
402 1124 557 1177 πλήθη
601 1141 646 1167 τε
685 1128 757 1167 καὶ
794 1125 973 1166 obteniat
1022 1124 1321 1178 τερατολόγων
1362 1127 1494 1168 τινῶν
1534 1125 1613 1181 φύ-

278 1197 400 1224 σεων.
459 1183 609 1235 Atque
640 1180 790 1223 eadem
820 1181 947 1235 plane
973 1180 1084 1222 ratio
1111 1186 1178 1222 est
1208 1181 1336 1222 etiam
1365 1182 1614 1224 verborum:

278 1237 374 1279 die
423 1235 628 1278 Gotter
678 1236 953 1278 ordneten
997 1237 1070 1277 den
1112 1237 1275 1278 Wechsel
1319 1237 1411 1279 der
1451 1237 1615 1279 Feste

280 1309 368 1347 an,
410 1307 488 1348 pro
528 1307 578 1334 eo
621 1291 738 1346 quod
789 1291 875 1334 dici
914 1292 1016 1333 item
1054 1292 1214 1347 potuit:
1262 1292 1615 1335 wechselnde

279 1349 470 1402 Feste,
501 1348 783 1401 aliorumque,
817 1362 927 1402 quae
956 1353 1085 1389 antea
1103 1355 1337 1390 memorata
1355 1355 1476 1400 sunt;
1507 1362 1617 1403 quae

278 1405 365 1446 iam
393 1403 643 1459 singulatim
672 1418 925 1459 percensere
945 1418 1033 1445 non
1055 1418 1164 1458 opus
1196 1403 1377 1447 videtur.
1437 1405 1492 1446 In
1522 1403 1616 1459 qui-

278 1461 361 1502 bus
399 1459 575 1514 quidem
613 1460 720 1501 locis
762 1459 879 1513 quod
913 1458 1095 1502 subinde
1137 1460 1263 1500 etiam
1293 1460 1508 1503 adiectiva
1538 1474 1615 1501 no-

279 1515 383 1557 mini
422 1515 643 1557 abstracto
690 1515 1015 1569 consociantur,
1056 1529 1167 1568 quae
1202 1518 1376 1572 proprie
1414 1527 1616 1558 concreto

280 1571 443 1613 nomini
473 1571 752 1623 conveniunt,
785 1577 834 1612 ut
863 1586 993 1626 quum
1025 1570 1183 1612 dicitur
1213 1575 1381 1613 παίδων
1411 1570 1617 1621 ἱκανότης

280 1626 423 1680 ἅρῥην
443 1630 514 1669 καὶ
539 1625 713 1680 θήλεια,
744 1626 875 1668 habet
902 1626 1018 1669 istud
1038 1625 1209 1680 quidem
1239 1627 1402 1682 aliquid
1427 1627 1615 1683 poetici;

281 1697 361 1724 nec
388 1689 532 1731 tamen
568 1682 614 1723 in
645 1697 839 1724 sermone
869 1682 1083 1737 pedestri,
1117 1683 1191 1736 qui
1221 1698 1307 1724 non
1335 1684 1393 1725 sit
1421 1698 1447 1725 a
1477 1683 1617 1739 gravi·

281 1744 371 1780 tate
409 1745 453 1780 et
491 1738 752 1780 sublimitate
782 1737 984 1791 alienior,
1031 1743 1189 1779 temere
1219 1738 1618 1794 reprehendendum

282 1808 379 1837 esse
418 1794 543 1836 facile
585 1794 667 1836 sibi
714 1793 1038 1850 persuadebunt
1077 1793 1151 1847 qui
1192 1807 1301 1847 quae
1340 1794 1393 1836 de
1434 1795 1515 1836 hoc
1554 1793 1618 1835 di-

282 1849 409 1892 cendi
447 1864 602 1906 genere
639 1849 844 1892 disseruit
887 1848 1019 1901 God.
1058 1849 1394 1906 Bernhardy
1434 1850 1614 1906 Syntax.

282 1905 442 1948 Graec.
479 1921 522 1961 p.
554 1907 621 1947 52.
652 1919 716 1960 sq.
745 1906 854 1947 bene
884 1904 1201 1961 perpenderint.
1422 1924 1427 1929 ·

395 1962 559 2004 Verum
597 1960 702 2003 satis
741 1961 849 2002 haec
890 1976 969 2016 pro
1008 1966 1156 2002 nostro
1186 1960 1366 2002 consilio
1398 1960 1450 2003 de
1481 1962 1616 2002 nomi·

283 2017 410 2059 nibus
453 2017 680 2059 abstractis
718 2016 762 2058 in
800 2017 921 2059 libris
960 2017 1131 2072 Legum
1167 2016 1410 2071 usurpatis,
1461 2016 1618 2070 quibus

282 2072 550 2127 explicandis
587 2072 673 2114 iam
710 2072 756 2114 id
798 2071 993 2115 effecisse
1023 2071 1244 2125 videmur,
1273 2077 1323 2113 ut
1350 2071 1464 2114 hunc
1494 2087 1617 2114 usum

281 2129 389 2170 nihil
418 2128 567 2170 vitiosi
585 2133 680 2171 ‘aut
707 2128 844 2184 inepti
873 2134 918 2170 et
945 2128 1054 2170 male
1084 2127 1272 2170 affectati
1303 2127 1461 2170 habere
1490 2142 1616 2182 quam

281 2183 516 2226 clarissime
546 2189 764 2240 appareat.

393 2239 622 2293 Reliquum
653 2245 720 2281 est
747 2239 905 2294 igitur..
943 2250 993 2280 ut
1021 2238 1183 2292 aliquid
1212 2238 1265 2280 de
1295 2239 1388 2281 eius
1419 2239 1617 2293 frequen-

275 2295 339 2337 tia
367 2295 413 2336 in
444 2295 509 2337 his
548 2295 668 2337 libris
709 2295 990 2337 insolentiore
1030 2293 1318 2336 adiiciendum
1349 2296 1420 2348 sit,
1453 2295 1614 2350 quippe

282 2365 410 2407 quae·
432 2351 590 2393 criticis
626 2351 719 2393 visa
755 2350 810 2393 sit
847 2350 1098 2406 suspiciosa.
1171 2350 1237 2391 De
1275 2365 1326 2392 ea
1364 2365 1467 2392 vero
1511 2350 1614 2404 quid

279 2407 516 2449 existimari
557 2413 776 2463 oporteat,
827 2407 1002 2463 cognito
1039 2406 1205 2447 iamet
1250 2412 1479 2461 perspecto
1520 2407 1615 2461 ipso

279 2462 487 2518 loquendi
525 2477 629 2515 usu,
669 2462 786 2504 haud
829 2469 939 2504 sane
962 2460 1143 2503 difficile
1173 2462 1254 2502 erit
1284 2463 1441 2504 certius
1471 2461 1616 2503 decer-

284 2533 400 2560 nere.
467 2519 579 2561 Nam
618 2525 668 2559 ut
706 2518 812 2560 nihil
842 2518 1034 2560 dicamus
1070 2516 1124 2559 de
1155 2531 1231 2570 eo,
1273 2517 1391 2571 quod
1428 2517 1618 2572 illarper

272 2588 325 2616 se
354 2573 558 2629 spectata
588 2575 634 2616 in
663 2589 794 2630 opere
824 2573 931 2616 adeo
961 2572 1102 2628 amplo
1131 2587 1218 2614 non
1248 2579 1336 2614 tam
1366 2588 1522 2633 magna
1551 2580 1618 2614 est

276 2644 404 2684 quam
434 2631 572 2686 primo
602 2629 811 2685 adspectu
831 2628 1058 2680 videatur,
1091 2628 1190 2669 tulit
1222 2630 1339 2670 certe
1371 2629 1496 2670 etiam
1528 2628 1612 2670 Le-
