<?xml version="1.0" encoding="UTF-8"?>
<!DOCTYPE html PUBLIC "-//W3C//DTD XHTML 1.0 Transitional//EN"
    "http://www.w3.org/TR/xhtml1/DTD/xhtml1-transitional.dtd">
<html xmlns="http://www.w3.org/1999/xhtml" xml:lang="en" lang="en">
 <head>
  <title>
</title>
<meta http-equiv="Content-Type" content="text/html;charset=utf-8" />
  <meta name='ocr-system' content='tesseract 3.04.00' />
  <meta name='ocr-capabilities' content='ocr_page ocr_carea ocr_par ocr_line ocrx_word'/>
</head>
<body>
  <div class='ocr_page' id='page_1' title='image "./s2operaomniarece10platuoft_0102.png"; bbox 0 0 1644 2886; ppageno 0'>
   <div class='ocr_carea' id='block_1_1' title="bbox 257 96 1160 148">
    <p class='ocr_par' dir='ltr' id='par_1_1' title="bbox 257 96 1160 148">
     <span class='ocr_line' id='line_1_1' title="bbox 257 96 1160 148; baseline -0.01 -3"><span class='ocrx_word' id='word_1_1' title='bbox 257 101 464 148; x_wconf 86' lang='lat' dir='ltr'>XCVIII</span> <span class='ocrx_word' id='word_1_2' title='bbox 687 96 1160 139; x_wconf 62' lang='lat' dir='ltr'><strong>PROLEGOMENA</strong></span> 
     </span>
    </p>
   </div>
   <div class='ocr_carea' id='block_1_2' title="bbox 256 204 1604 1157">
    <p class='ocr_par' dir='ltr' id='par_1_2' title="bbox 256 204 1604 1157">
     <span class='ocr_line' id='line_1_2' title="bbox 260 204 1594 267; baseline -0.009 -11"><span class='ocrx_word' id='word_1_3' title='bbox 260 229 342 267; x_wconf 87' lang='lat' dir='ltr'><strong>que</strong></span> <span class='ocrx_word' id='word_1_4' title='bbox 373 213 499 254; x_wconf 83' lang='lat' dir='ltr'><strong>modo</strong></span> <span class='ocrx_word' id='word_1_5' title='bbox 531 211 649 260; x_wconf 70' lang='lat' dir='ltr'><strong>fecit,</strong></span> <span class='ocrx_word' id='word_1_6' title='bbox 680 222 846 262; x_wconf 81' lang='lat' dir='ltr'><strong>semper</strong></span> <span class='ocrx_word' id='word_1_7' title='bbox 878 210 917 248; x_wconf 88' lang='lat' dir='ltr'><strong>in</strong></span> <span class='ocrx_word' id='word_1_8' title='bbox 941 208 1177 249; x_wconf 74' lang='lat' dir='ltr'><strong>acutissimi</strong></span> <span class='ocrx_word' id='word_1_9' title='bbox 1200 207 1337 249; x_wconf 76' lang='lat' dir='ltr'><strong>critici</strong></span> <span class='ocrx_word' id='word_1_10' title='bbox 1367 204 1594 259; x_wconf 81' lang='lat' dir='ltr'><strong>reprehen-</strong></span> 
     </span>
     <span class='ocr_line' id='line_1_3' title="bbox 259 260 1594 318; baseline -0.008 -7"><span class='ocrx_word' id='word_1_11' title='bbox 259 271 423 311; x_wconf 82' lang='lat' dir='ltr'><strong>sionem</strong></span> <span class='ocrx_word' id='word_1_12' title='bbox 463 268 665 308; x_wconf 78' lang='lat' dir='ltr'><strong>incurrat.</strong></span> <span class='ocrx_word' id='word_1_13' title='bbox 730 263 846 306; x_wconf 64' lang='lat' dir='ltr'><strong>‘Nam</strong></span> <span class='ocrx_word' id='word_1_14' title='bbox 885 264 974 304; x_wconf 88' lang='lat' dir='ltr'><strong>sive</strong></span> <span class='ocrx_word' id='word_1_15' title='bbox 1019 263 1158 304; x_wconf 90' lang='lat' dir='ltr'><strong>bonus</strong></span> <span class='ocrx_word' id='word_1_16' title='bbox 1198 260 1481 318; x_wconf 79' lang='lat' dir='ltr'><strong>philosophus</strong></span> <span class='ocrx_word' id='word_1_17' title='bbox 1512 260 1594 302; x_wconf 89' lang='lat' dir='ltr'><strong>sibi</strong></span> 
     </span>
     <span class='ocr_line' id='line_1_4' title="bbox 259 316 1595 379; baseline -0.007 -12"><span class='ocrx_word' id='word_1_18' title='bbox 259 338 398 379; x_wconf 88' lang='lat' dir='ltr'><strong>usque</strong></span> <span class='ocrx_word' id='word_1_19' title='bbox 437 320 634 363; x_wconf 85' lang='lat' dir='ltr'><strong>constitit</strong></span> <span class='ocrx_word' id='word_1_20' title='bbox 672 319 982 374; x_wconf 76' lang='lat' dir='ltr'><strong>pristinamque</strong></span> <span class='ocrx_word' id='word_1_21' title='bbox 1025 319 1210 373; x_wconf 82' lang='lat' dir='ltr'><strong>aliquam</strong></span> <span class='ocrx_word' id='word_1_22' title='bbox 1241 316 1495 360; x_wconf 84' lang='lat' dir='ltr'><strong>sententiam</strong></span> <span class='ocrx_word' id='word_1_23' title='bbox 1526 330 1595 357; x_wconf 84' lang='lat' dir='ltr'><strong>su-</strong></span> 
     </span>
     <span class='ocr_line' id='line_1_5' title="bbox 261 371 1595 431; baseline -0.008 -9"><span class='ocrx_word' id='word_1_24' title='bbox 261 395 328 422; x_wconf 86' lang='lat' dir='ltr'><strong>am</strong></span> <span class='ocrx_word' id='word_1_25' title='bbox 370 382 620 420; x_wconf 81' lang='lat' dir='ltr'><strong>constanter</strong></span> <span class='ocrx_word' id='word_1_26' title='bbox 657 376 867 426; x_wconf 78' lang='lat' dir='ltr'><strong>servavit,</strong></span> <span class='ocrx_word' id='word_1_27' title='bbox 917 381 1126 429; x_wconf 85' lang='lat' dir='ltr'><strong>protenus</strong></span> <span class='ocrx_word' id='word_1_28' title='bbox 1165 375 1437 431; x_wconf 83' lang='lat' dir='ltr'><strong>obiurgatur,</strong></span> <span class='ocrx_word' id='word_1_29' title='bbox 1480 371 1595 425; x_wconf 91' lang='lat' dir='ltr'><strong>quod</strong></span> 
     </span>
     <span class='ocr_line' id='line_1_6' title="bbox 262 427 1598 486; baseline -0.007 -10"><span class='ocrx_word' id='word_1_30' title='bbox 262 449 341 476; x_wconf 90' lang='lat' dir='ltr'><strong>sua</strong></span> <span class='ocrx_word' id='word_1_31' title='bbox 367 441 526 475; x_wconf 83' lang='lat' dir='ltr'><strong>temere</strong></span> <span class='ocrx_word' id='word_1_32' title='bbox 556 431 778 473; x_wconf 82' lang='lat' dir='ltr'><strong>iteraverit</strong></span> <span class='ocrx_word' id='word_1_33' title='bbox 805 430 1069 484; x_wconf 84' lang='lat' dir='ltr'><strong>molesteque</strong></span> <span class='ocrx_word' id='word_1_34' title='bbox 1109 445 1211 486; x_wconf 85' lang='lat' dir='ltr'><strong>prae</strong></span> <span class='ocrx_word' id='word_1_35' title='bbox 1242 428 1404 486; x_wconf 85' lang='lat' dir='ltr'><strong>ingenii</strong></span> <span class='ocrx_word' id='word_1_36' title='bbox 1433 427 1598 468; x_wconf 84' lang='lat' dir='ltr'><strong>scilicet</strong></span> 
     </span>
     <span class='ocr_line' id='line_1_7' title="bbox 256 482 1598 544; baseline -0.006 -13"><span class='ocrx_word' id='word_1_37' title='bbox 256 489 409 544; x_wconf 79' lang='lat' dir='ltr'><strong>inopia</strong></span> <span class='ocrx_word' id='word_1_38' title='bbox 437 489 504 530; x_wconf 85' lang='lat' dir='ltr'><strong>vel</strong></span> <span class='ocrx_word' id='word_1_39' title='bbox 534 487 735 529; x_wconf 81' lang='lat' dir='ltr'><strong>tarditate</strong></span> <span class='ocrx_word' id='word_1_40' title='bbox 767 501 913 529; x_wconf 87' lang='lat' dir='ltr'><strong>rursus</strong></span> <span class='ocrx_word' id='word_1_41' title='bbox 943 486 1245 537; x_wconf 78' lang='lat' dir='ltr'><strong>inculcaverit3</strong></span> <span class='ocrx_word' id='word_1_42' title='bbox 1285 486 1376 527; x_wconf 88' lang='lat' dir='ltr'><strong>sive</strong></span> <span class='ocrx_word' id='word_1_43' title='bbox 1406 482 1598 524; x_wconf 87' lang='lat' dir='ltr'><strong>nonnihil</strong></span> 
     </span>
     <span class='ocr_line' id='line_1_8' title="bbox 262 539 1597 598; baseline -0.006 -11"><span class='ocrx_word' id='word_1_44' title='bbox 262 544 464 587; x_wconf 80' lang='lat' dir='ltr'><strong>discessit</strong></span> <span class='ocrx_word' id='word_1_45' title='bbox 501 558 527 585; x_wconf 89' lang='lat' dir='ltr'><strong>a</strong></span> <span class='ocrx_word' id='word_1_46' title='bbox 565 543 654 585; x_wconf 86' lang='lat' dir='ltr'><strong>suis</strong></span> <span class='ocrx_word' id='word_1_47' title='bbox 693 557 830 597; x_wconf 88' lang='lat' dir='ltr'><strong>eaque</strong></span> <span class='ocrx_word' id='word_1_48' title='bbox 870 541 1014 598; x_wconf 88' lang='lat' dir='ltr'><strong>paullo</strong></span> <span class='ocrx_word' id='word_1_49' title='bbox 1045 542 1169 584; x_wconf 88' lang='lat' dir='ltr'><strong>aliter</strong></span> <span class='ocrx_word' id='word_1_50' title='bbox 1207 539 1437 597; x_wconf 82' lang='lat' dir='ltr'><strong>explicavit</strong></span> <span class='ocrx_word' id='word_1_51' title='bbox 1468 544 1597 592; x_wconf 86' lang='lat' dir='ltr'><strong>atque</strong></span> 
     </span>
     <span class='ocr_line' id='line_1_9' title="bbox 262 596 1598 653; baseline -0.005 -11"><span class='ocrx_word' id='word_1_52' title='bbox 262 601 439 643; x_wconf 82' lang='lat' dir='ltr'><strong>fecisset</strong></span> <span class='ocrx_word' id='word_1_53' title='bbox 468 606 610 653; x_wconf 85' lang='lat' dir='ltr'><strong>antea,</strong></span> <span class='ocrx_word' id='word_1_54' title='bbox 632 599 852 647; x_wconf 18' lang='lat' dir='ltr'><strong>¹*continuo</strong></span> <span class='ocrx_word' id='word_1_55' title='bbox 885 598 1078 653; x_wconf 83' lang='lat' dir='ltr'><strong>arguitur</strong></span> <span class='ocrx_word' id='word_1_56' title='bbox 1106 596 1423 639; x_wconf 82' lang='lat' dir='ltr'><strong>inconstantiae</strong></span> <span class='ocrx_word' id='word_1_57' title='bbox 1467 601 1598 648; x_wconf 81' lang='lat' dir='ltr'><strong>atquc</strong></span> 
     </span>
     <span class='ocr_line' id='line_1_10' title="bbox 262 649 1600 710; baseline -0.006 -13"><span class='ocrx_word' id='word_1_58' title='bbox 262 658 403 699; x_wconf 83' lang='lat' dir='ltr'><strong>laesae</strong></span> <span class='ocrx_word' id='word_1_59' title='bbox 431 656 477 697; x_wconf 82' lang='lat' dir='ltr'><strong>in</strong></span> <span class='ocrx_word' id='word_1_60' title='bbox 508 663 646 698; x_wconf 90' lang='lat' dir='ltr'><strong>semet</strong></span> <span class='ocrx_word' id='word_1_61' title='bbox 674 655 815 710; x_wconf 88' lang='lat' dir='ltr'><strong>ipsum</strong></span> <span class='ocrx_word' id='word_1_62' title='bbox 841 653 966 706; x_wconf 85' lang='lat' dir='ltr'><strong>fidei,</strong></span> <span class='ocrx_word' id='word_1_63' title='bbox 1003 654 1089 695; x_wconf 88' lang='lat' dir='ltr'><strong>imo</strong></span> <span class='ocrx_word' id='word_1_64' title='bbox 1119 654 1247 695; x_wconf 90' lang='lat' dir='ltr'><strong>etiam</strong></span> <span class='ocrx_word' id='word_1_65' title='bbox 1276 649 1526 695; x_wconf 82' lang='lat' dir='ltr'><strong>stoliditatis</strong></span> <span class='ocrx_word' id='word_1_66' title='bbox 1556 657 1600 690; x_wconf 86' lang='lat' dir='ltr'><strong>et</strong></span> 
     </span>
     <span class='ocr_line' id='line_1_11' title="bbox 263 706 1600 767; baseline -0.006 -13"><span class='ocrx_word' id='word_1_67' title='bbox 263 712 521 767; x_wconf 88' lang='lat' dir='ltr'><strong>ineptiarum</strong></span> <span class='ocrx_word' id='word_1_68' title='bbox 565 717 807 753; x_wconf 84' lang='lat' dir='ltr'><strong>accusatur.</strong></span> <span class='ocrx_word' id='word_1_69' title='bbox 875 709 975 762; x_wconf 81' lang='lat' dir='ltr'><strong>Qua</strong></span> <span class='ocrx_word' id='word_1_70' title='bbox 1013 709 1179 751; x_wconf 86' lang='lat' dir='ltr'><strong>ratione</strong></span> <span class='ocrx_word' id='word_1_71' title='bbox 1218 709 1293 761; x_wconf 81' lang='lat' dir='ltr'><strong>fit,</strong></span> <span class='ocrx_word' id='word_1_72' title='bbox 1338 713 1386 749; x_wconf 89' lang='lat' dir='ltr'><strong>ut</strong></span> <span class='ocrx_word' id='word_1_73' title='bbox 1417 706 1600 758; x_wconf 78' lang='lat' dir='ltr'><strong>den-ique</strong></span> 
     </span>
     <span class='ocr_line' id='line_1_12' title="bbox 264 762 1601 821; baseline -0.005 -13"><span class='ocrx_word' id='word_1_74' title='bbox 264 768 468 821; x_wconf 84' lang='lat' dir='ltr'><strong>utrinque</strong></span> <span class='ocrx_word' id='word_1_75' title='bbox 514 767 680 821; x_wconf 85' lang='lat' dir='ltr'><strong>laqueis</strong></span> <span class='ocrx_word' id='word_1_76' title='bbox 736 766 996 808; x_wconf 86' lang='lat' dir='ltr'><strong>constrictus</strong></span> <span class='ocrx_word' id='word_1_77' title='bbox 1043 766 1180 807; x_wconf 86' lang='lat' dir='ltr'><strong>teneri</strong></span> <span class='ocrx_word' id='word_1_78' title='bbox 1229 764 1428 806; x_wconf 88' lang='lat' dir='ltr'><strong>videatur</strong></span> <span class='ocrx_word' id='word_1_79' title='bbox 1475 762 1601 817; x_wconf 81' lang='lat' dir='ltr'><strong>plane</strong></span> 
     </span>
     <span class='ocr_line' id='line_1_13' title="bbox 264 821 1601 879; baseline -0.006 -14"><span class='ocrx_word' id='word_1_80' title='bbox 264 822 655 879; x_wconf 76' lang='lat' dir='ltr'><strong>inexplicabilibus,</strong></span> <span class='ocrx_word' id='word_1_81' title='bbox 736 822 892 876; x_wconf 88' lang='lat' dir='ltr'><strong>Neque</strong></span> <span class='ocrx_word' id='word_1_82' title='bbox 929 828 1072 862; x_wconf 88' lang='lat' dir='ltr'><strong>tamen</strong></span> <span class='ocrx_word' id='word_1_83' title='bbox 1114 821 1178 862; x_wconf 88' lang='lat' dir='ltr'><strong>vel</strong></span> <span class='ocrx_word' id='word_1_84' title='bbox 1217 821 1298 862; x_wconf 86' lang='lat' dir='ltr'><strong>hac</strong></span> <span class='ocrx_word' id='word_1_85' title='bbox 1327 833 1470 861; x_wconf 90' lang='lat' dir='ltr'><strong>rerum</strong></span> <span class='ocrx_word' id='word_1_86' title='bbox 1499 832 1601 858; x_wconf 88' lang='lat' dir='ltr'><strong>con-</strong></span> 
     </span>
     <span class='ocr_line' id='line_1_14' title="bbox 266 876 1601 934; baseline -0.007 -13"><span class='ocrx_word' id='word_1_87' title='bbox 266 880 428 921; x_wconf 86' lang='lat' dir='ltr'><strong>ditione</strong></span> <span class='ocrx_word' id='word_1_88' title='bbox 477 892 672 921; x_wconf 84' lang='lat' dir='ltr'><strong>caussam</strong></span> <span class='ocrx_word' id='word_1_89' title='bbox 720 877 967 934; x_wconf 87' lang='lat' dir='ltr'><strong>philosophi</strong></span> <span class='ocrx_word' id='word_1_90' title='bbox 1030 876 1341 931; x_wconf 88' lang='lat' dir='ltr'><strong>desperandam</strong></span> <span class='ocrx_word' id='word_1_91' title='bbox 1387 882 1601 930; x_wconf 87' lang='lat' dir='ltr'><strong>putamus.</strong></span> 
     </span>
     <span class='ocr_line' id='line_1_15' title="bbox 264 929 1604 990; baseline -0.006 -14"><span class='ocrx_word' id='word_1_92' title='bbox 264 935 437 977; x_wconf 87' lang='lat' dir='ltr'><strong>Etenim</strong></span> <span class='ocrx_word' id='word_1_93' title='bbox 475 935 717 990; x_wconf 81' lang='lat' dir='ltr'><strong>inspectata</strong></span> <span class='ocrx_word' id='word_1_94' title='bbox 768 933 912 990; x_wconf 86' lang='lat' dir='ltr'><strong>paullo</strong></span> <span class='ocrx_word' id='word_1_95' title='bbox 948 933 1192 974; x_wconf 76' lang='lat' dir='ltr'><strong>accuratius</strong></span> <span class='ocrx_word' id='word_1_96' title='bbox 1229 934 1411 974; x_wconf 84' lang='lat' dir='ltr'><strong>istorum</strong></span> <span class='ocrx_word' id='word_1_97' title='bbox 1458 929 1604 982; x_wconf 84' lang='lat' dir='ltr'><strong>laque-</strong></span> 
     </span>
     <span class='ocr_line' id='line_1_16' title="bbox 268 985 1604 1032; baseline -0.004 -1"><span class='ocrx_word' id='word_1_98' title='bbox 268 1005 388 1032; x_wconf 78' lang='lat' dir='ltr'><strong>orum</strong></span> <span class='ocrx_word' id='word_1_99' title='bbox 433 990 597 1031; x_wconf 81' lang='lat' dir='ltr'><strong>fabrica</strong></span> <span class='ocrx_word' id='word_1_100' title='bbox 634 1005 719 1031; x_wconf 91' lang='lat' dir='ltr'><strong>non</strong></span> <span class='ocrx_word' id='word_1_101' title='bbox 750 989 812 1031; x_wconf 88' lang='lat' dir='ltr'><strong>ita</strong></span> <span class='ocrx_word' id='word_1_102' title='bbox 842 988 1018 1030; x_wconf 87' lang='lat' dir='ltr'><strong>difficile</strong></span> <span class='ocrx_word' id='word_1_103' title='bbox 1053 989 1134 1029; x_wconf 85' lang='lat' dir='ltr'><strong>erit</strong></span> <span class='ocrx_word' id='word_1_104' title='bbox 1162 987 1300 1029; x_wconf 89' lang='lat' dir='ltr'><strong>nodos</strong></span> <span class='ocrx_word' id='word_1_105' title='bbox 1337 985 1435 1027; x_wconf 89' lang='lat' dir='ltr'><strong>illos</strong></span> <span class='ocrx_word' id='word_1_106' title='bbox 1465 985 1604 1026; x_wconf 86' lang='lat' dir='ltr'><strong>exsol-</strong></span> 
     </span>
     <span class='ocr_line' id='line_1_17' title="bbox 271 1042 1603 1101; baseline -0.005 -14"><span class='ocrx_word' id='word_1_107' title='bbox 271 1061 369 1088; x_wconf 85' lang='lat' dir='ltr'><strong>vere</strong></span> <span class='ocrx_word' id='word_1_108' title='bbox 408 1052 539 1099; x_wconf 85' lang='lat' dir='ltr'><strong>atque</strong></span> <span class='ocrx_word' id='word_1_109' title='bbox 580 1045 781 1101; x_wconf 88' lang='lat' dir='ltr'><strong>scriptori</strong></span> <span class='ocrx_word' id='word_1_110' title='bbox 819 1059 940 1086; x_wconf 83' lang='lat' dir='ltr'><strong>suam</strong></span> <span class='ocrx_word' id='word_1_111' title='bbox 970 1043 1190 1086; x_wconf 79' lang='lat' dir='ltr'><strong>vindicare</strong></span> <span class='ocrx_word' id='word_1_112' title='bbox 1221 1050 1264 1085; x_wconf 90' lang='lat' dir='ltr'><strong>et</strong></span> <span class='ocrx_word' id='word_1_113' title='bbox 1291 1042 1530 1084; x_wconf 85' lang='lat' dir='ltr'><strong>libertatem</strong></span> <span class='ocrx_word' id='word_1_114' title='bbox 1561 1048 1603 1081; x_wconf 83' lang='lat' dir='ltr'><strong>et</strong></span> 
     </span>
     <span class='ocr_line' id='line_1_18' title="bbox 271 1101 1578 1157; baseline -0.005 -15"><span class='ocrx_word' id='word_1_115' title='bbox 271 1101 541 1157; x_wconf 82' lang='lat' dir='ltr'><strong>dignitatem.</strong></span> <span class='ocrx_word' id='word_1_116' title='bbox 1575 1115 1578 1118; x_wconf 48' lang='lat'><strong>⁴</strong></span> 
     </span>
    </p>
   </div>
   <div class='ocr_carea' id='block_1_3' title="bbox 271 1173 1610 1514">
    <p class='ocr_par' dir='ltr' id='par_1_3' title="bbox 271 1173 1610 1514">
     <span class='ocr_line' id='line_1_19' title="bbox 383 1173 1605 1229; baseline -0.004 -10"><span class='ocrx_word' id='word_1_117' title='bbox 383 1178 597 1220; x_wconf 86' lang='lat' dir='ltr'><strong>Versatur</strong></span> <span class='ocrx_word' id='word_1_118' title='bbox 628 1191 729 1219; x_wconf 89' lang='lat' dir='ltr'><strong>vero</strong></span> <span class='ocrx_word' id='word_1_119' title='bbox 760 1177 895 1218; x_wconf 89' lang='lat' dir='ltr'><strong>totius</strong></span> <span class='ocrx_word' id='word_1_120' title='bbox 927 1177 986 1218; x_wconf 89' lang='lat' dir='ltr'><strong>rei</strong></span> <span class='ocrx_word' id='word_1_121' title='bbox 1014 1175 1144 1218; x_wconf 89' lang='lat' dir='ltr'><strong>cardo</strong></span> <span class='ocrx_word' id='word_1_122' title='bbox 1174 1176 1218 1216; x_wconf 88' lang='lat' dir='ltr'><strong>in</strong></span> <span class='ocrx_word' id='word_1_123' title='bbox 1251 1190 1317 1229; x_wconf 76' lang='lat' dir='ltr'><strong>eo,</strong></span> <span class='ocrx_word' id='word_1_124' title='bbox 1348 1182 1396 1215; x_wconf 91' lang='lat' dir='ltr'><strong>ut</strong></span> <span class='ocrx_word' id='word_1_125' title='bbox 1424 1173 1605 1229; x_wconf 85' lang='lat' dir='ltr'><strong>diligen-</strong></span> 
     </span>
     <span class='ocr_line' id='line_1_20' title="bbox 271 1229 1606 1288; baseline -0.004 -12"><span class='ocrx_word' id='word_1_126' title='bbox 271 1244 335 1276; x_wconf 83' lang='lat' dir='ltr'><strong>ter</strong></span> <span class='ocrx_word' id='word_1_127' title='bbox 375 1232 675 1285; x_wconf 82' lang='lat' dir='ltr'><strong>attendamus,</strong></span> <span class='ocrx_word' id='word_1_128' title='bbox 717 1232 823 1288; x_wconf 88' lang='lat' dir='ltr'><strong>quid</strong></span> <span class='ocrx_word' id='word_1_129' title='bbox 859 1247 939 1288; x_wconf 88' lang='lat' dir='ltr'><strong>pro</strong></span> <span class='ocrx_word' id='word_1_130' title='bbox 976 1231 1119 1274; x_wconf 84' lang='lat' dir='ltr'><strong>servili</strong></span> <span class='ocrx_word' id='word_1_131' title='bbox 1148 1231 1386 1273; x_wconf 88' lang='lat' dir='ltr'><strong>imitatione</strong></span> <span class='ocrx_word' id='word_1_132' title='bbox 1415 1229 1606 1271; x_wconf 88' lang='lat' dir='ltr'><strong>habitum</strong></span> 
     </span>
     <span class='ocr_line' id='line_1_21' title="bbox 272 1285 1607 1345; baseline -0.005 -13"><span class='ocrx_word' id='word_1_133' title='bbox 272 1290 341 1332; x_wconf 88' lang='lat' dir='ltr'><strong>vel</strong></span> <span class='ocrx_word' id='word_1_134' title='bbox 380 1290 527 1345; x_wconf 89' lang='lat' dir='ltr'><strong>potius</strong></span> <span class='ocrx_word' id='word_1_135' title='bbox 565 1289 830 1331; x_wconf 86' lang='lat' dir='ltr'><strong>venditatum</strong></span> <span class='ocrx_word' id='word_1_136' title='bbox 875 1289 944 1331; x_wconf 89' lang='lat' dir='ltr'><strong>sit.</strong></span> <span class='ocrx_word' id='word_1_137' title='bbox 1003 1286 1128 1341; x_wconf 79' lang='lat' dir='ltr'><strong>Quae</strong></span> <span class='ocrx_word' id='word_1_138' title='bbox 1158 1287 1195 1328; x_wconf 93' lang='lat' dir='ltr'><strong>si</strong></span> <span class='ocrx_word' id='word_1_139' title='bbox 1227 1301 1375 1328; x_wconf 85' lang='lat' dir='ltr'><strong>revera</strong></span> <span class='ocrx_word' id='word_1_140' title='bbox 1401 1285 1519 1326; x_wconf 89' lang='lat' dir='ltr'><strong>nulla</strong></span> <span class='ocrx_word' id='word_1_141' title='bbox 1548 1285 1607 1326; x_wconf 90' lang='lat' dir='ltr'><strong>vi-</strong></span> 
     </span>
     <span class='ocr_line' id='line_1_22' title="bbox 274 1340 1607 1399; baseline -0.005 -11"><span class='ocrx_word' id='word_1_142' title='bbox 274 1346 471 1399; x_wconf 85' lang='lat' dir='ltr'><strong>debitur,</strong></span> <span class='ocrx_word' id='word_1_143' title='bbox 503 1352 620 1387; x_wconf 89' lang='lat' dir='ltr'><strong>certe</strong></span> <span class='ocrx_word' id='word_1_144' title='bbox 648 1345 840 1386; x_wconf 88' lang='lat' dir='ltr'><strong>futurum</strong></span> <span class='ocrx_word' id='word_1_145' title='bbox 871 1345 975 1397; x_wconf 79' lang='lat' dir='ltr'><strong>erit,</strong></span> <span class='ocrx_word' id='word_1_146' title='bbox 1014 1350 1064 1385; x_wconf 93' lang='lat' dir='ltr'><strong>ut</strong></span> <span class='ocrx_word' id='word_1_147' title='bbox 1093 1343 1281 1397; x_wconf 87' lang='lat' dir='ltr'><strong>scriptor</strong></span> <span class='ocrx_word' id='word_1_148' title='bbox 1317 1342 1408 1384; x_wconf 90' lang='lat' dir='ltr'><strong>sine</strong></span> <span class='ocrx_word' id='word_1_149' title='bbox 1439 1340 1607 1382; x_wconf 85' lang='lat' dir='ltr'><strong>dubita-</strong></span> 
     </span>
     <span class='ocr_line' id='line_1_23' title="bbox 272 1397 1610 1457; baseline -0.004 -15"><span class='ocrx_word' id='word_1_150' title='bbox 272 1402 391 1444; x_wconf 83' lang='lat' dir='ltr'><strong>tione</strong></span> <span class='ocrx_word' id='word_1_151' title='bbox 422 1416 446 1443; x_wconf 88' lang='lat' dir='ltr'><strong>a</strong></span> <span class='ocrx_word' id='word_1_152' title='bbox 475 1401 652 1443; x_wconf 90' lang='lat' dir='ltr'><strong>crimine</strong></span> <span class='ocrx_word' id='word_1_153' title='bbox 682 1400 727 1442; x_wconf 89' lang='lat' dir='ltr'><strong>in</strong></span> <span class='ocrx_word' id='word_1_154' title='bbox 754 1401 896 1457; x_wconf 90' lang='lat' dir='ltr'><strong>ipsum</strong></span> <span class='ocrx_word' id='word_1_155' title='bbox 923 1400 1120 1442; x_wconf 88' lang='lat' dir='ltr'><strong>coniecto</strong></span> <span class='ocrx_word' id='word_1_156' title='bbox 1148 1399 1356 1440; x_wconf 86' lang='lat' dir='ltr'><strong>liberetur</strong></span> <span class='ocrx_word' id='word_1_157' title='bbox 1382 1397 1610 1453; x_wconf 79' lang='lat' dir='ltr'><strong>ipsiusque</strong></span> 
     </span>
     <span class='ocr_line' id='line_1_24' title="bbox 276 1454 1404 1514; baseline -0.003 -16"><span class='ocrx_word' id='word_1_158' title='bbox 276 1457 417 1514; x_wconf 69' lang='lat' dir='ltr'><strong>operis</strong></span> <span class='ocrx_word' id='word_1_159' title='bbox 446 1457 681 1499; x_wconf 86' lang='lat' dir='ltr'><strong>auctoritas</strong></span> <span class='ocrx_word' id='word_1_160' title='bbox 712 1456 832 1498; x_wconf 83' lang='lat' dir='ltr'><strong>salva</strong></span> <span class='ocrx_word' id='word_1_161' title='bbox 859 1463 902 1498; x_wconf 91' lang='lat' dir='ltr'><strong>et</strong></span> <span class='ocrx_word' id='word_1_162' title='bbox 930 1455 1156 1497; x_wconf 85' lang='lat' dir='ltr'><strong>incolumis</strong></span> <span class='ocrx_word' id='word_1_163' title='bbox 1183 1454 1404 1496; x_wconf 84' lang='lat' dir='ltr'><strong>habeatur.</strong></span> 
     </span>
    </p>
   </div>
   <div class='ocr_carea' id='block_1_4' title="bbox 275 1541 1644 2678">
    <p class='ocr_par' dir='ltr' id='par_1_4' title="bbox 275 1541 1644 2678">
     <span class='ocr_line' id='line_1_25' title="bbox 389 1541 1608 1599; baseline -0.002 -14"><span class='ocrx_word' id='word_1_164' title='bbox 389 1545 545 1598; x_wconf 86' lang='lat' dir='ltr'><strong>Itaque</strong></span> <span class='ocrx_word' id='word_1_165' title='bbox 583 1544 770 1599; x_wconf 84' lang='lat' dir='ltr'><strong>primum</strong></span> <span class='ocrx_word' id='word_1_166' title='bbox 808 1543 986 1598; x_wconf 82' lang='lat' dir='ltr'><strong>quidem</strong></span> <span class='ocrx_word' id='word_1_167' title='bbox 1022 1543 1215 1586; x_wconf 85' lang='lat' dir='ltr'><strong>Zellerus</strong></span> <span class='ocrx_word' id='word_1_168' title='bbox 1252 1541 1424 1585; x_wconf 81' lang='lat' dir='ltr'><strong>nomine</strong></span> <span class='ocrx_word' id='word_1_169' title='bbox 1470 1541 1608 1583; x_wconf 71' lang='lat' dir='ltr'><strong>imita-</strong></span> 
     </span>
     <span class='ocr_line' id='line_1_26' title="bbox 276 1597 1610 1656; baseline -0.002 -14"><span class='ocrx_word' id='word_1_170' title='bbox 276 1601 408 1643; x_wconf 84' lang='lat' dir='ltr'><strong>tionis</strong></span> <span class='ocrx_word' id='word_1_171' title='bbox 436 1600 669 1656; x_wconf 66' lang='lat' dir='ltr'><strong>insignivit·</strong></span> <span class='ocrx_word' id='word_1_172' title='bbox 687 1599 916 1656; x_wconf 78' lang='lat' dir='ltr'><strong>repetitum</strong></span> <span class='ocrx_word' id='word_1_173' title='bbox 944 1614 1070 1642; x_wconf 89' lang='lat' dir='ltr'><strong>usum</strong></span> <span class='ocrx_word' id='word_1_174' title='bbox 1100 1605 1313 1641; x_wconf 81' lang='lat' dir='ltr'><strong>certarum</strong></span> <span class='ocrx_word' id='word_1_175' title='bbox 1343 1597 1610 1652; x_wconf 53' lang='lat' dir='ltr'><strong>quaruan</strong></span> 
     </span>
     <span class='ocr_line' id='line_1_27' title="bbox 277 1653 1611 1712; baseline -0.002 -14"><span class='ocrx_word' id='word_1_176' title='bbox 277 1656 554 1698; x_wconf 75' lang='lat' dir='ltr'><strong>formularum</strong></span> <span class='ocrx_word' id='word_1_177' title='bbox 582 1655 700 1712; x_wconf 69' lang='lat' dir='ltr'><strong>apud</strong></span> <span class='ocrx_word' id='word_1_178' title='bbox 731 1655 958 1697; x_wconf 83' lang='lat' dir='ltr'><strong>Platonem</strong></span> <span class='ocrx_word' id='word_1_179' title='bbox 1001 1654 1103 1697; x_wconf 82' lang='lat' dir='ltr'><strong>ali-bi</strong></span> <span class='ocrx_word' id='word_1_180' title='bbox 1131 1669 1306 1709; x_wconf 86' lang='lat' dir='ltr'><strong>quoque</strong></span> <span class='ocrx_word' id='word_1_181' title='bbox 1332 1653 1505 1709; x_wconf 84' lang='lat' dir='ltr'><strong>saepius</strong></span> <span class='ocrx_word' id='word_1_182' title='bbox 1536 1654 1611 1695; x_wconf 87' lang='lat' dir='ltr'><strong>ob-</strong></span> 
     </span>
     <span class='ocr_line' id='line_1_28' title="bbox 277 1708 1610 1766; baseline -0.003 -12"><span class='ocrx_word' id='word_1_183' title='bbox 277 1713 455 1754; x_wconf 78' lang='lat' dir='ltr'><strong>viatum.</strong></span> <span class='ocrx_word' id='word_1_184' title='bbox 514 1710 570 1753; x_wconf 79' lang='lat' dir='ltr'><strong>Id</strong></span> <span class='ocrx_word' id='word_1_185' title='bbox 610 1710 728 1765; x_wconf 86' lang='lat' dir='ltr'><strong>quod</strong></span> <span class='ocrx_word' id='word_1_186' title='bbox 758 1711 886 1753; x_wconf 78' lang='lat' dir='ltr'><strong>facile</strong></span> <span class='ocrx_word' id='word_1_187' title='bbox 917 1711 1132 1766; x_wconf 74' lang='lat' dir='ltr'><strong>intelligas</strong></span> <span class='ocrx_word' id='word_1_188' title='bbox 1162 1726 1214 1752; x_wconf 86' lang='lat' dir='ltr'><strong>ex</strong></span> <span class='ocrx_word' id='word_1_189' title='bbox 1243 1710 1312 1764; x_wconf 79' lang='lat' dir='ltr'><strong>iis,</strong></span> <span class='ocrx_word' id='word_1_190' title='bbox 1344 1724 1457 1763; x_wconf 84' lang='lat' dir='ltr'><strong>quae</strong></span> <span class='ocrx_word' id='word_1_191' title='bbox 1483 1708 1610 1752; x_wconf 72' lang='lat' dir='ltr'><strong>Stud.</strong></span> 
     </span>
     <span class='ocr_line' id='line_1_29' title="bbox 276 1764 1612 1823; baseline -0.001 -15"><span class='ocrx_word' id='word_1_192' title='bbox 276 1768 406 1811; x_wconf 77' lang='lat' dir='ltr'><strong>Platt.</strong></span> <span class='ocrx_word' id='word_1_193' title='bbox 445 1783 488 1823; x_wconf 69' lang='lat' dir='ltr'><strong>p.</strong></span> <span class='ocrx_word' id='word_1_194' title='bbox 550 1768 612 1809; x_wconf 70' lang='lat'><strong>10.</strong></span> <span class='ocrx_word' id='word_1_195' title='bbox 643 1780 709 1822; x_wconf 85' lang='lat' dir='ltr'><strong>sq.</strong></span> <span class='ocrx_word' id='word_1_196' title='bbox 738 1766 951 1823; x_wconf 82' lang='lat' dir='ltr'><strong>exposuit.</strong></span> <span class='ocrx_word' id='word_1_197' title='bbox 1007 1765 1183 1822; x_wconf 77' lang='lat' dir='ltr'><strong>Quippe</strong></span> <span class='ocrx_word' id='word_1_198' title='bbox 1211 1766 1271 1808; x_wconf 91' lang='lat' dir='ltr'><strong>ibi</strong></span> <span class='ocrx_word' id='word_1_199' title='bbox 1301 1780 1379 1821; x_wconf 88' lang='lat' dir='ltr'><strong>pro</strong></span> <span class='ocrx_word' id='word_1_200' title='bbox 1410 1764 1612 1807; x_wconf 69' lang='lat' dir='ltr'><strong>imitatio-</strong></span> 
     </span>
     <span class='ocr_line' id='line_1_30' title="bbox 275 1821 1621 1879; baseline -0.004 -13"><span class='ocrx_word' id='word_1_201' title='bbox 275 1825 345 1866; x_wconf 86' lang='lat' dir='ltr'><strong>nis</strong></span> <span class='ocrx_word' id='word_1_202' title='bbox 376 1822 598 1879; x_wconf 68' lang='lat' dir='ltr'><strong>exemplis,</strong></span> <span class='ocrx_word' id='word_1_203' title='bbox 628 1822 744 1864; x_wconf 87' lang='lat' dir='ltr'><strong>unde</strong></span> <span class='ocrx_word' id='word_1_204' title='bbox 771 1823 939 1878; x_wconf 85' lang='lat' dir='ltr'><strong>Legum</strong></span> <span class='ocrx_word' id='word_1_205' title='bbox 978 1828 1199 1865; x_wconf 86' lang='lat' dir='ltr'><strong>auctorem</strong></span> <span class='ocrx_word' id='word_1_206' title='bbox 1225 1836 1306 1864; x_wconf 89' lang='lat' dir='ltr'><strong>sua</strong></span> <span class='ocrx_word' id='word_1_207' title='bbox 1331 1836 1385 1863; x_wconf 86' lang='lat' dir='ltr'><strong>ex</strong></span> <span class='ocrx_word' id='word_1_208' title='bbox 1413 1821 1621 1877; x_wconf 60' lang='lat' dir='ltr'><strong>genuinis.</strong></span> 
     </span>
     <span class='ocr_line' id='line_1_31' title="bbox 279 1878 1612 1935; baseline -0.001 -14"><span class='ocrx_word' id='word_1_209' title='bbox 279 1879 453 1935; x_wconf 71' lang='lat' dir='ltr'><strong>scriptis</strong></span> <span class='ocrx_word' id='word_1_210' title='bbox 509 1878 708 1921; x_wconf 84' lang='lat' dir='ltr'><strong>Platonis</strong></span> <span class='ocrx_word' id='word_1_211' title='bbox 769 1885 928 1921; x_wconf 86' lang='lat' dir='ltr'><strong>temere</strong></span> <span class='ocrx_word' id='word_1_212' title='bbox 994 1879 1321 1921; x_wconf 81' lang='lat' dir='ltr'><strong>consarcinasse</strong></span> <span class='ocrx_word' id='word_1_213' title='bbox 1391 1884 1612 1933; x_wconf 68' lang='lat' dir='ltr'><strong>appaaeeat,</strong></span> 
     </span>
     <span class='ocr_line' id='line_1_32' title="bbox 280 1931 1613 1991; baseline -0.002 -15"><span class='ocrx_word' id='word_1_214' title='bbox 280 1936 387 1977; x_wconf 89' lang='lat' dir='ltr'><strong>haec</strong></span> <span class='ocrx_word' id='word_1_215' title='bbox 416 1934 584 1977; x_wconf 82' lang='lat' dir='ltr'><strong>attulit:</strong></span> <span class='ocrx_word' id='word_1_216' title='bbox 622 1934 752 1978; x_wconf 77' lang='grc' dir='ltr'><em>αὐτοὶ</em></span> <span class='ocrx_word' id='word_1_217' title='bbox 781 1933 863 1987; x_wconf 80' lang='grc' dir='ltr'><strong>γάρ</strong></span> <span class='ocrx_word' id='word_1_218' title='bbox 894 1939 1025 1985; x_wconf 59' lang='grc' dir='ltr'><strong><em>ἐσμεν</em></strong></span> <span class='ocrx_word' id='word_1_219' title='bbox 1054 1934 1186 1977; x_wconf 82' lang='lat' dir='ltr'>VIII.</span> <span class='ocrx_word' id='word_1_220' title='bbox 1215 1950 1257 1991; x_wconf 88' lang='lat' dir='ltr'><strong>p.</strong></span> <span class='ocrx_word' id='word_1_221' title='bbox 1289 1933 1384 1976; x_wconf 77' lang='lat'><strong>836.</strong></span> <span class='ocrx_word' id='word_1_222' title='bbox 1414 1933 1468 1974; x_wconf 74' lang='lat' dir='ltr'><strong>R</strong></span> <span class='ocrx_word' id='word_1_223' title='bbox 1499 1931 1613 1986; x_wconf 68' lang='grc' dir='ltr'><strong>ὁμοῦ</strong></span> 
     </span>
     <span class='ocr_line' id='line_1_33' title="bbox 279 1986 1612 2046; baseline -0.002 -14"><span class='ocrx_word' id='word_1_224' title='bbox 279 1990 423 2033; x_wconf 76' lang='grc' dir='ltr'><em>πάντα</em></span> <span class='ocrx_word' id='word_1_225' title='bbox 467 1989 668 2044; x_wconf 78' lang='grc' dir='ltr'><em>γρήματα</em></span> <span class='ocrx_word' id='word_1_226' title='bbox 706 1990 817 2032; x_wconf 87' lang='grc' dir='ltr'><strong>ΧΙΙ.</strong></span> <span class='ocrx_word' id='word_1_227' title='bbox 857 2006 900 2046; x_wconf 91' lang='lat' dir='ltr'><strong>p.</strong></span> <span class='ocrx_word' id='word_1_228' title='bbox 930 1992 1026 2032; x_wconf 79' lang='lat'><strong>967.</strong></span> <span class='ocrx_word' id='word_1_229' title='bbox 1057 1988 1106 2032; x_wconf 88' lang='lat' dir='ltr'><strong>C.</strong></span> <span class='ocrx_word' id='word_1_230' title='bbox 1147 1990 1205 2034; x_wconf 89' lang='lat' dir='ltr'><strong>D.</strong></span> <span class='ocrx_word' id='word_1_231' title='bbox 1243 1990 1390 2032; x_wconf 78' lang='grc' dir='ltr'><em>τέλεον</em></span> <span class='ocrx_word' id='word_1_232' title='bbox 1428 1986 1478 2031; x_wconf 86' lang='grc' dir='ltr'><strong>τὸ</strong></span> <span class='ocrx_word' id='word_1_233' title='bbox 1519 1988 1612 2030; x_wconf 78' lang='grc' dir='ltr'><strong><em>ἐνύ-</em></strong></span> 
     </span>
     <span class='ocr_line' id='line_1_34' title="bbox 281 2042 1611 2103; baseline -0.002 -15"><span class='ocrx_word' id='word_1_234' title='bbox 281 2063 410 2089; x_wconf 76' lang='grc' dir='ltr'><em>πνιον</em></span> <span class='ocrx_word' id='word_1_235' title='bbox 438 2046 550 2089; x_wconf 88' lang='lat' dir='ltr'><strong>XII.</strong></span> <span class='ocrx_word' id='word_1_236' title='bbox 578 2062 619 2103; x_wconf 82' lang='lat' dir='ltr'><strong>p.</strong></span> <span class='ocrx_word' id='word_1_237' title='bbox 651 2047 744 2088; x_wconf 70' lang='lat'><strong>969.</strong></span> <span class='ocrx_word' id='word_1_238' title='bbox 775 2046 828 2088; x_wconf 87' lang='lat' dir='ltr'><strong>B.</strong></span> <span class='ocrx_word' id='word_1_239' title='bbox 861 2045 1066 2099; x_wconf 74' lang='grc' dir='ltr'><em>καθάπερ</em></span> <span class='ocrx_word' id='word_1_240' title='bbox 1099 2049 1224 2088; x_wconf 85' lang='grc' dir='ltr'><strong><em>κυσὶν</em></strong></span> <span class='ocrx_word' id='word_1_241' title='bbox 1254 2042 1525 2094; x_wconf 58' lang='grc' dir='ltr'><em>ἰχνευούσαις</em></span> <span class='ocrx_word' id='word_1_242' title='bbox 1553 2044 1611 2086; x_wconf 94' lang='lat'><strong>11.</strong></span> 
     </span>
     <span class='ocr_line' id='line_1_35' title="bbox 283 2099 1612 2158; baseline -0.002 -15"><span class='ocrx_word' id='word_1_243' title='bbox 283 2119 324 2158; x_wconf 88' lang='lat' dir='ltr'><strong>p.</strong></span> <span class='ocrx_word' id='word_1_244' title='bbox 357 2104 451 2144; x_wconf 81' lang='lat'><strong>654.</strong></span> <span class='ocrx_word' id='word_1_245' title='bbox 479 2102 530 2143; x_wconf 83' lang='lat' dir='ltr'><strong>E.</strong></span> <span class='ocrx_word' id='word_1_246' title='bbox 563 2100 868 2156; x_wconf 74' lang='grc' dir='ltr'><em>μυθολόγημα</em></span> <span class='ocrx_word' id='word_1_247' title='bbox 897 2103 977 2143; x_wconf 83' lang='grc' dir='ltr'><strong>τοῦ</strong></span> <span class='ocrx_word' id='word_1_248' title='bbox 1009 2102 1234 2143; x_wconf 82' lang='grc' dir='ltr'><em>Σιδωνίου</em></span> <span class='ocrx_word' id='word_1_249' title='bbox 1265 2099 1327 2142; x_wconf 91' lang='lat' dir='ltr'><strong>II.</strong></span> <span class='ocrx_word' id='word_1_250' title='bbox 1358 2114 1401 2155; x_wconf 87' lang='lat' dir='ltr'><strong>p.</strong></span> <span class='ocrx_word' id='word_1_251' title='bbox 1433 2101 1528 2143; x_wconf 81' lang='lat'><strong>663.</strong></span> <span class='ocrx_word' id='word_1_252' title='bbox 1560 2099 1612 2142; x_wconf 86' lang='lat' dir='ltr'><strong>E.</strong></span> 
     </span>
     <span class='ocr_line' id='line_1_36' title="bbox 283 2155 1612 2214; baseline -0.001 -15"><span class='ocrx_word' id='word_1_253' title='bbox 283 2157 333 2199; x_wconf 83' lang='grc' dir='ltr'><strong>οὐ</strong></span> <span class='ocrx_word' id='word_1_254' title='bbox 367 2156 449 2212; x_wconf 69' lang='grc' dir='ltr'><strong>γὰρ</strong></span> <span class='ocrx_word' id='word_1_255' title='bbox 485 2156 546 2211; x_wconf 83' lang='grc' dir='ltr'><strong>μή</strong></span> <span class='ocrx_word' id='word_1_256' title='bbox 585 2173 688 2199; x_wconf 84' lang='grc' dir='ltr'><em>ποτε</em></span> <span class='ocrx_word' id='word_1_257' title='bbox 723 2161 902 2212; x_wconf 74' lang='grc' dir='ltr'><em>γένηται</em></span> <span class='ocrx_word' id='word_1_258' title='bbox 940 2157 1026 2201; x_wconf 91' lang='lat' dir='ltr'><strong>III.</strong></span> <span class='ocrx_word' id='word_1_259' title='bbox 1066 2174 1108 2214; x_wconf 87' lang='lat' dir='ltr'><strong>p.</strong></span> <span class='ocrx_word' id='word_1_260' title='bbox 1147 2158 1240 2200; x_wconf 81' lang='lat'><strong>690.</strong></span> <span class='ocrx_word' id='word_1_261' title='bbox 1279 2155 1330 2196; x_wconf 88' lang='lat' dir='ltr'><strong>B.</strong></span> <span class='ocrx_word' id='word_1_262' title='bbox 1369 2155 1468 2198; x_wconf 82' lang='grc' dir='ltr'><em>οἷον</em></span> <span class='ocrx_word' id='word_1_263' title='bbox 1497 2171 1612 2198; x_wconf 75' lang='grc' dir='ltr'><em>νεοτ-</em></span> 
     </span>
     <span class='ocr_line' id='line_1_37' title="bbox 283 2209 1614 2269; baseline -0.002 -14"><span class='ocrx_word' id='word_1_264' title='bbox 283 2215 368 2255; x_wconf 80' lang='grc' dir='ltr'><strong>τῶν</strong></span> <span class='ocrx_word' id='word_1_265' title='bbox 398 2217 602 2267; x_wconf 75' lang='grc' dir='ltr'><em>γέννησιν</em></span> <span class='ocrx_word' id='word_1_266' title='bbox 632 2214 705 2255; x_wconf 85' lang='grc' dir='ltr'><strong>καὶ</strong></span> <span class='ocrx_word' id='word_1_267' title='bbox 734 2210 909 2269; x_wconf 83' lang='grc' dir='ltr'><em>τροφήν</em></span> <span class='ocrx_word' id='word_1_268' title='bbox 946 2213 1027 2255; x_wconf 92' lang='lat' dir='ltr'><strong>VI.</strong></span> <span class='ocrx_word' id='word_1_269' title='bbox 1059 2229 1102 2268; x_wconf 89' lang='lat' dir='ltr'><strong>p.</strong></span> <span class='ocrx_word' id='word_1_270' title='bbox 1133 2214 1226 2255; x_wconf 80' lang='lat'><strong>776.</strong></span> <span class='ocrx_word' id='word_1_271' title='bbox 1257 2213 1311 2253; x_wconf 89' lang='lat' dir='ltr'><strong>A.</strong></span> <span class='ocrx_word' id='word_1_272' title='bbox 1343 2209 1614 2265; x_wconf 79' lang='grc' dir='ltr'><em>λοιδορήσεις</em></span> 
     </span>
     <span class='ocr_line' id='line_1_38' title="bbox 281 2267 1616 2325; baseline -0.001 -14"><span class='ocrx_word' id='word_1_273' title='bbox 281 2285 327 2324; x_wconf 73' lang='grc' dir='ltr'><strong>γε</strong></span> <span class='ocrx_word' id='word_1_274' title='bbox 356 2270 558 2319; x_wconf 74' lang='grc' dir='ltr'><em>ἐπῆλθον</em></span> <span class='ocrx_word' id='word_1_275' title='bbox 588 2277 790 2319; x_wconf 85' lang='grc' dir='ltr'><em>ποιηταῖς</em></span> <span class='ocrx_word' id='word_1_276' title='bbox 817 2268 929 2314; x_wconf 74' lang='grc' dir='ltr'><strong>ΧΗ.</strong></span> <span class='ocrx_word' id='word_1_277' title='bbox 956 2286 998 2325; x_wconf 86' lang='lat' dir='ltr'><strong>p.</strong></span> <span class='ocrx_word' id='word_1_278' title='bbox 1029 2270 1125 2313; x_wconf 65' lang='lat'><strong>962.</strong></span> <span class='ocrx_word' id='word_1_279' title='bbox 1157 2267 1206 2310; x_wconf 86' lang='lat' dir='ltr'><strong>C.</strong></span> <span class='ocrx_word' id='word_1_280' title='bbox 1239 2267 1295 2309; x_wconf 88' lang='lat' dir='ltr'><strong>D.</strong></span> <span class='ocrx_word' id='word_1_281' title='bbox 1356 2268 1455 2310; x_wconf 87' lang='lat' dir='ltr'><strong>Hoc</strong></span> <span class='ocrx_word' id='word_1_282' title='bbox 1482 2268 1616 2324; x_wconf 85' lang='lat' dir='ltr'><strong>igitur</strong></span> 
     </span>
     <span class='ocr_line' id='line_1_39' title="bbox 283 2323 1615 2380; baseline -0.002 -14"><span class='ocrx_word' id='word_1_283' title='bbox 283 2324 464 2380; x_wconf 88' lang='lat' dir='ltr'><strong>primum</strong></span> <span class='ocrx_word' id='word_1_284' title='bbox 503 2338 640 2380; x_wconf 85' lang='lat' dir='ltr'><strong>genus</strong></span> <span class='ocrx_word' id='word_1_285' title='bbox 671 2331 739 2366; x_wconf 89' lang='lat' dir='ltr'><strong>est</strong></span> <span class='ocrx_word' id='word_1_286' title='bbox 767 2324 934 2367; x_wconf 81' lang='lat' dir='ltr'><strong>servilis</strong></span> <span class='ocrx_word' id='word_1_287' title='bbox 971 2339 1021 2367; x_wconf 88' lang='lat' dir='ltr'><strong>ac</strong></span> <span class='ocrx_word' id='word_1_288' title='bbox 1048 2324 1298 2366; x_wconf 83' lang='lat' dir='ltr'><strong>temerariae</strong></span> <span class='ocrx_word' id='word_1_289' title='bbox 1327 2323 1493 2366; x_wconf 85' lang='lat' dir='ltr'><strong>scilicet</strong></span> <span class='ocrx_word' id='word_1_290' title='bbox 1522 2323 1615 2364; x_wconf 92' lang='lat' dir='ltr'><strong>imi-</strong></span> 
     </span>
     <span class='ocr_line' id='line_1_40' title="bbox 283 2379 1644 2437; baseline 0 -15"><span class='ocrx_word' id='word_1_291' title='bbox 283 2380 491 2435; x_wconf 55' lang='lat' dir='ltr'><strong>tationis„</strong></span> <span class='ocrx_word' id='word_1_292' title='bbox 521 2380 643 2437; x_wconf 65' lang='lat' dir='ltr'><strong>qnod</strong></span> <span class='ocrx_word' id='word_1_293' title='bbox 677 2381 893 2424; x_wconf 81' lang='lat' dir='ltr'><strong>statuitur.</strong></span> <span class='ocrx_word' id='word_1_294' title='bbox 961 2379 1085 2433; x_wconf 60' lang='lat' dir='ltr'><strong>Quid</strong></span> <span class='ocrx_word' id='word_1_295' title='bbox 1122 2380 1254 2423; x_wconf 83' lang='lat' dir='ltr'><strong>vero?</strong></span> <span class='ocrx_word' id='word_1_296' title='bbox 1293 2385 1400 2422; x_wconf 86' lang='lat' dir='ltr'><strong>tune·</strong></span> <span class='ocrx_word' id='word_1_297' title='bbox 1426 2394 1644 2435; x_wconf 39' lang='lat' dir='ltr'><strong>quoun-,i</strong></span> 
     </span>
     <span class='ocr_line' id='line_1_41' title="bbox 284 2432 1644 2493; baseline -0.001 -14"><span class='ocrx_word' id='word_1_298' title='bbox 284 2436 484 2492; x_wconf 61' lang='lat' dir='ltr'><strong>quisquis</strong></span> <span class='ocrx_word' id='word_1_299' title='bbox 508 2435 616 2481; x_wconf 76' lang='lat' dir='ltr'><strong>haec</strong></span> <span class='ocrx_word' id='word_1_300' title='bbox 645 2435 769 2493; x_wconf 41' lang='lat' dir='ltr'><strong>legis&amp;</strong></span> <span class='ocrx_word' id='word_1_301' title='bbox 799 2436 892 2482; x_wconf 76' lang='lat' dir='ltr'><strong>ista.</strong></span> <span class='ocrx_word' id='word_1_302' title='bbox 912 2434 1130 2481; x_wconf 79' lang='lat' dir='ltr'><strong>eiusmodi.</strong></span> <span class='ocrx_word' id='word_1_303' title='bbox 1140 2440 1234 2480; x_wconf 82' lang='lat' dir='ltr'><strong>&#39;esse</strong></span> <span class='ocrx_word' id='word_1_304' title='bbox 1259 2434 1471 2490; x_wconf 85' lang='lat' dir='ltr'><strong>censebis,</strong></span> <span class='ocrx_word' id='word_1_305' title='bbox 1501 2433 1615 2482; x_wconf 78' lang='lat' dir='ltr'><strong>unde</strong></span> <span class='ocrx_word' id='word_1_306' title='bbox 1642 2432 1644 2486; x_wconf 62' lang='lat' dir='ltr'>J</span> 
     </span>
     <span class='ocr_line' id='line_1_42' title="bbox 285 2490 1644 2550; baseline -0.002 -15"><span class='ocrx_word' id='word_1_307' title='bbox 285 2493 452 2550; x_wconf 76' lang='lat' dir='ltr'><strong>Legum</strong></span> <span class='ocrx_word' id='word_1_308' title='bbox 491 2497 711 2534; x_wconf 84' lang='lat' dir='ltr'><strong>auctorem</strong></span> <span class='ocrx_word' id='word_1_309' title='bbox 748 2497 953 2549; x_wconf 86' lang='lat' dir='ltr'><strong>appareat</strong></span> <span class='ocrx_word' id='word_1_310' title='bbox 979 2491 1172 2535; x_wconf 86' lang='lat' dir='ltr'><strong>Platonis</strong></span> <span class='ocrx_word' id='word_1_311' title='bbox 1202 2491 1363 2547; x_wconf 86' lang='lat' dir='ltr'><strong>scripta</strong></span> <span class='ocrx_word' id='word_1_312' title='bbox 1391 2490 1615 2534; x_wconf 87' lang='lat' dir='ltr'><strong>temerario</strong></span> <span class='ocrx_word' id='word_1_313' title='bbox 1641 2490 1644 2538; x_wconf 62' lang='grc' dir='ltr'>Ι</span> 
     </span>
     <span class='ocr_line' id='line_1_43' title="bbox 286 2547 1644 2604; baseline -0.001 -13"><span class='ocrx_word' id='word_1_314' title='bbox 286 2554 395 2592; x_wconf 78' lang='lat' dir='ltr'><strong>ausu</strong></span> <span class='ocrx_word' id='word_1_315' title='bbox 435 2547 765 2604; x_wconf 68' lang='lat' dir='ltr'><strong>compilavisse?</strong></span> <span class='ocrx_word' id='word_1_316' title='bbox 831 2547 963 2591; x_wconf 78' lang='lat' dir='ltr'><strong>Haud</strong></span> <span class='ocrx_word' id='word_1_317' title='bbox 1011 2562 1118 2591; x_wconf 76' lang='lat' dir='ltr'><strong>sane-</strong></span> <span class='ocrx_word' id='word_1_318' title='bbox 1157 2547 1426 2592; x_wconf 76' lang='lat' dir='ltr'><strong>crediderim.</strong></span> <span class='ocrx_word' id='word_1_319' title='bbox 1501 2548 1644 2590; x_wconf 46' lang='lat' dir='ltr'><strong>Nam}</strong></span> 
     </span>
     <span class='ocr_line' id='line_1_44' title="bbox 287 2587 1644 2678; baseline 0.003 -32"><span class='ocrx_word' id='word_1_320' title='bbox 287 2611 389 2647; x_wconf 80' lang='lat' dir='ltr'><strong>sunt·</strong></span> <span class='ocrx_word' id='word_1_321' title='bbox 417 2604 613 2659; x_wconf 71' lang='lat' dir='ltr'><strong>profecto</strong></span> <span class='ocrx_word' id='word_1_322' title='bbox 641 2604 750 2647; x_wconf 82' lang='lat' dir='ltr'><strong>istae</strong></span> <span class='ocrx_word' id='word_1_323' title='bbox 781 2604 991 2647; x_wconf 59' lang='lat' dir='ltr'><strong>§tx-mulae</strong></span> <span class='ocrx_word' id='word_1_324' title='bbox 1016 2610 1058 2646; x_wconf 89' lang='lat' dir='ltr'><strong>et</strong></span> <span class='ocrx_word' id='word_1_325' title='bbox 1091 2603 1306 2647; x_wconf 83' lang='lat' dir='ltr'><strong>dictiones</strong></span> <span class='ocrx_word' id='word_1_326' title='bbox 1337 2604 1427 2648; x_wconf 74' lang='lat' dir='ltr'><strong>fere</strong></span> <span class='ocrx_word' id='word_1_327' title='bbox 1468 2587 1644 2678; x_wconf 51' lang='lat' dir='ltr'><strong>omnes!</strong></span> 
     </span>
    </p>
   </div>
   <div class='ocr_carea' id='block_1_5' title="bbox 1638 2703 1644 2797">
    <p class='ocr_par' dir='ltr' id='par_1_5' title="bbox 1638 2703 1644 2797">
     <span class='ocr_line' id='line_1_45' title="bbox 1638 2703 1644 2754; baseline 0 0"><span class='ocrx_word' id='word_1_328' title='bbox 1638 2703 1644 2754; x_wconf 47' lang='grc' dir='ltr'><strong>Ἰἱ</strong></span> 
     </span>
     <span class='ocr_line' id='line_1_46' title="bbox 1640 2755 1644 2797; baseline 0 0"><span class='ocrx_word' id='word_1_329' title='bbox 1640 2755 1644 2797; x_wconf 69' lang='grc' dir='ltr'><strong>ὲ</strong></span> 
     </span>
    </p>
   </div>
  </div>
 </body>
</html>
