1644 2886
212 465 244 504 Β

279 91 357 132 294
750 90 1124 135 PLATONIS

279 205 359 255 τὴν
406 208 489 246 τῶν
535 211 637 247 νέων
687 205 918 255 ξύμπασαν
956 210 1134 262 χορείαν
1173 209 1319 260 μηδεὶς
1360 212 1528 262 μᾶλλον
1574 209 1596 262 ἢ

281 270 375 325 παρ’
424 269 628 313 ὁντινοῦν
673 269 810 313 ἄλλων
855 273 940 314 τῶν
992 271 1135 326 νόμων
1177 276 1445 329 φθεγγέσθω
1493 277 1592 329 μηδ’

281 343 325 378 ἐν
370 336 538 392 ὀρχήσει
582 340 801 382 κινείσθω.
857 341 929 380 καὶ
977 338 999 380 ὁ
1048 342 1126 392 μὲν
1171 341 1370 390 τοιοῦτος
1418 340 1601 397 ἀζήμιος

279 403 644 454 ἀπαλλαττέσθω,
676 405 751 446 τὸν
787 407 831 447 δὲ
867 405 926 460 μὴ
962 403 1252 458 πειθόῂενον,
1287 405 1498 463 καθάπερ
1534 408 1599 465 ὲῤ-

278 467 403 524 (ni-‘7²7
437 472 518 512 νῦν
553 470 629 522 δή,
664 470 964 528 ’νομοφύλακές
1008 488 1051 514 τε
1085 474 1156 514 καὶ
1190 475 1337 526 ἱέρειαι
1371 475 1443 516 καὶ
1477 478 1601 530 ἱερεῖς

279 534 562 586 κολαζόντων.
601 539 764 579 κείσθω
800 539 843 579 δὲ
879 539 957 579 νῦν
992 536 1095 591 ἡμῖν
1131 540 1270 580 ταῦτα
1306 540 1364 592 τῷ
1398 538 1538 594 λόγῳ;

381 603 478 643 ΚΛ.
551 604 743 645 Κείσθω.

379 664 486 727 Cap.
524 666 605 710 IX.
676 670 771 711 ΑΘ.
847 670 954 710 Τίνα
1001 666 1054 720 δὴ
1103 668 1271 724 τρόπον
1315 668 1430 712 αὐτοὶ
1468 687 1598 724 νομο-

283 736 427 775 θετῶν
462 751 525 783 τιῑ.Ι
557 733 615 789 μὴ
653 732 910 776 παντάπασι
952 738 1273 787 καταγέλαστος
1305 735 1479 789 γίγνοιτ’
1516 733 1600 789 ἄν,

279 801 432 853 ἴδωμεν
481 798 530 851 ὕὴ
576 800 624 843 τὸ
671 801 839 844 τοιόνδε
885 817 920 842 τι
956 802 1051 854 περὶ
1085 799 1211 843 αὐτοὶ.
1250 800 1598 859 ἀσφαλέστατον,

277 865 485 919 καθάπερ
532 867 719 921 ἐκμαγεῖ’
768 864 866 908 ἄττ’
922 866 1091 909 αὑτοῖσι
1129 869 1302 924 πρῶτον
1338 867 1600 911 πλάσασθαι

279 934 337 984 τῷ
382 934 509 986 λόγῳ.
557 936 661 984 λέγω
705 935 749 975 δὲ
793 935 837 974 ἓν
871 935 949 987 μὲν
986 934 1071 975 τῶν
1105 936 1336 987 ἐκμαγείων
1372 932 1480 975 εἶναι
1510 950 1600 976 τοι-

276 999 372 1040 όνδε
410 1013 472 1040 tc·
511 1001 673 1048 θυσίας
707 1003 937 1052 γενομένης
956 1001 1027 1041 καὶ
1059 1000 1184 1052 ἱερῶν
1208 1002 1464 1042 καυθέντων
1485 998 1596 1041 κατὰ

276 1063 427 1119 νόμον,
465 1065 501 1107 εἴ
535 1064 592 1119 τῷ
628 1082 703 1115 τις,
739 1069 896 1122 φαμέν,
928 1068 1017 1120 ἰδίᾳ
1051 1066 1281 1119 παραστάς
1315 1073 1411 1117 τοῖς,
1438 1067 1599 1120 βωμοῖς

369 1206 405 1237 Ρ.
429 1205 507 1239 800.
558 1206 597 1237 Β.
646 1204 689 1236 ιὸ
725 1202 889 1237 τοιόνδε
929 1205 983 1247 τι]
1020 1206 1198 1238 Bekkerus
1230 1206 1368 1246 scripsit
1398 1204 1434 1237 τὸ
1467 1196 1595 1238 τοιόνδ’

277 1252 332 1288 ἔτι,
357 1251 452 1293 quod
476 1253 578 1283 etiam
602 1252 820 1283 Hei-mannus
846 1257 879 1282 et
896 1251 1103 1284 Turicenses
1130 1256 1362 1292 susceperunt.
1403 1252 1471 1283 Sed
1494 1253 1597 1284 lectio

277 1298 343 1328 ista
374 1307 436 1328 nec
466 1298 632 1329 librorum
661 1298 866 1329 auctoritate
900 1297 1028 1328 firmari
1055 1297 1190 1328 videtur
1215 1315 1256 1319 ——
1282 1307 1360 1328 nam
1385 1307 1426 1328 ex
1451 1297 1596 1329 Floren-

276 1343 526 1383 tinis-quidem
560 1343 656 1374 libris
688 1348 722 1373 et
755 1353 796 1374 ex
823 1344 996 1373 Vossiano
1029 1353 1070 1374 ea
1101 1352 1171 1374 non
1201 1346 1340 1373 enotata
1364 1348 1433 1381 est,
1459 1344 1501 1374 de
1526 1345 1597 1374 suis

276 1389 375 1420 codd.
400 1389 522 1431 {autem
556 1388 734 1420 Bekkerus
768 1389 841 1429 ipse
871 1393 961 1420 tacet
991 1407 1028 1424 ῖ-
1065 1398 1126 1419 nec
1169 1397 1248 1419 vero
1290 1388 1482 1419 sententiae
1511 1389 1597 1420 bene

273 1435 446 1466 convenit.

277 1555 356 1588 ὢςιε
399 1552 463 1596 τάχ’
502 1553 543 1586 ἄν
579 1551 661 1586 οὐδ’
702 1554 822 1586 ἐκεῖνοι
862 1573 901 1578 —

275 1600 520 1641 μαντευόμενος
545 1597 640 1637 αὐτό,
662 1601 784 1641 quibus
810 1601 902 1641 quod

275 1648 506 1688 significatur,
534 1647 571 1677 id
600 1656 690 1677 nunc
719 1647 753 1677 in
788 1646 901 1677 medio

275 1695 481 1735 relinquitur
511 1693 580 1731 sie,
613 1696 650 1722 ut
686 1692 780 1723 aliud
820 1691 901 1732 quid

275 1747 437 1781 tanquam
463 1747 676 1778 consequens
701 1746 742 1768 ex
767 1742 901 1768 antece—

275 1786 434 1817 dentibus
487 1783 712 1815 asseveretur.
782 1782 902 1822 ltaque

274 1833 361 1863 haee
398 1832 663 1870 interpretamur
713 1828 776 1859 sic:
821 1827 902 1858 Sed

274 1879 355 1908 hoc
391 1880 612 1915 utcunque
653 1874 799 1913 habet,
836 1874 901 1904 de-

276 1928 436 1954 eretum
462 1922 540 1952 hoc
559 1924 663 1951 esto.
691 1918 797 1950 Usum
814 1919 903 1949 hunc

275 1970 472 2001 vocularum
498 1961 532 1996 δ’
559 1959 621 1995 οὖν
645 1965 688 1996 ad
715 1963 843 2004 Cratyl.
870 1975 902 2004 p.

274 2014 351 2048 415.
379 2013 416 2044 C.
443 2022 475 2053 p.
502 2011 579 2044 4262
606 2009 649 2041 D.
677 2010 765 2050 Tim.
791 2019 823 2050 p.
846 2009 900 2043 38.

274 2060 314 2092 B.
349 2059 529 2098 Protagor.
558 2067 589 2097 p.
611 2055 688 2089 315.
716 2056 766 2086 Es
782 2055 826 2086 al.
852 2060 902 2086 at-

275 2107 423 2146 tigimus.
449 2103 583 2134 Timaei
596 2103 632 2132 in
658 2102 736 2132 loeo
755 2110 818 2141 pro
844 2106 899 2131 ut-

274 2155 317 2181 ut
332 2161 349 2181 c·-
359 2161 373 2181 s
384 2155 397 2180 t
411 2158 592 2190 operarum
606 2156 722 2178 errore
738 2147 899 2186 seriptum

276 2197 401 2236 legitur
437 2199 482 2224 ut
516 2197 594 2230 est,
627 2193 717 2233 quod
760 2201 900 2222 monere

276 2242 329 2272 liic
355 2241 466 2272 obiter
490 2240 603 2279 placet
628 2239 705 2268 vani
724 2238 901 2278 ineptique

275 2286 531 2319 calumniatoris
555 2284 685 2324 gratia,
709 2284 768 2323 qui
794 2292 902 2323 nuper

275 2343 316 2365 ex
346 2332 473 2364 talibus
504 2339 685 2371 operarum
725 2328 900 2359 erroribus

274 2389 343 2410 non
379 2377 515 2408 erubuit
555 2375 732 2406 horribilis
771 2374 900 2405 scilicet

274 2423 490 2465 ignorantiae
522 2421 779 2452 criminationes
804 2429 899 2460 repe-

274 2475 355 2512 tere,
378 2473 415 2500 ut
438 2478 540 2508 quum
564 2476 605 2498 ex
632 2464 781 2507 σάρκσιν,
806 2465 898 2506 quod

273 2516 399 2547 alicubi
424 2514 625 2554 impressum
649 2511 794 2551 legitur,
819 2520 899 2542 con-

274 2563 370 2593 tinuo
404 2560 639 2591 demonstrare
669 2559 811 2588 conatus
837 2561 898 2594 est,

273 2608 439 2638 editorem
452 2604 609 2635 Platonis
623 2603 690 2634 tale
711 2605 897 2633 monstrum

273 2653 414 2693 proprio
447 2650 558 2682 Marte
593 2649 777 2680 effinxisse.
834 2646 895 2677 Fe-

970 1556 1068 1586 licem
1106 1565 1187 1587 vero
1213 1556 1314 1586 talem
1338 1556 1490 1586 criticum
1515 1565 1594 1596 pro-

969 1605 1045 1640 pter
1077 1610 1159 1631 suae
1191 1601 1223 1631 in
1260 1600 1386 1631 talibus
1420 1601 1595 1632 felicitatis

968 1646 1175 1686 opinionem,
1190 1649 1223 1676 et
1237 1646 1265 1676 si
1281 1655 1349 1676 non
1367 1646 1594 1686 ingeniosum,

968 1691 1087 1722 saltem
1111 1691 1338 1722 cerebrosum.

1013 1735 1097 1776 Cap.
1128 1737 1194 1767 IX.
1251 1735 1290 1767 B.
1346 1733 1500 1773 ἴδωμεν
1544 1733 1593 1775 δὴ

970 1778 1012 1811 τὸ
1045 1779 1214 1812 τοιόνδε
1254 1791 1287 1811 τι
1320 1780 1411 1820 περὶ
1453 1776 1592 1821 adrat]

973 1826 1124 1858 Pessime
1162 1827 1283 1868 vulgo,
1316 1826 1594 1866 interpunctione

971 1877 1050 1912 post
1073 1868 1158 1903 αὐτά
1181 1872 1348 1912 neglecta,
1371 1871 1455 1902 haec
1480 1872 1595 1902 omnia

969 1927 1044 1949 cnm
1085 1917 1371 1958 consequentibus
1415 1918 1450 1947 in
1489 1926 1593 1947 unum

970 1966 1166 2004 iunguntur.
1245 1962 1414 1994 Nimirum
1465 1967 1593 2002 puncto

970 2014 1049 2049 post
1081 2005 1166 2040 αὑτά
1189 2009 1285 2040 illato
1315 2007 1415 2038 facile
1439 2012 1592 2047 apparet,

968 2055 1012 2085 ad
1050 2050 1301 2093 ἀσφαλέστατον
1336 2052 1592 2092 intelligendum

968 2110 1042 2131 esse
1081 2098 1179 2131 ἐστίν.
1233 2099 1362 2130 Vitium
1397 2098 1535 2129 sustulit
1563 2097 1590 2128 1.

967 2145 1051 2177 Bel<
1062 2146 1187 2177 kerus
1198 2144 1318 2187 ‚idque
1331 2144 1414 2174 satis
1430 2153 1590 2183 magnum

966 2192 1141 2223 lenissima
1165 2189 1386 2221 correctione.
1432 2188 1499 2219 Pro
1525 2198 1590 2219 τοι-

970 2235 1048 2268 όνδε
1083 2248 1109 2266 τι
1152 2236 1373 2267 Bekkerus
1421 2239 1453 2264 et
1489 2234 1591 2264 Turi-

968 2292 1086 2314 censes
1116 2276 1243 2312 τοιόνδ’
1268 2280 1323 2310 ἔτι.
1363 2279 1411 2309 At
1434 2279 1518 2309 nihil
1546 2280 1589 2309 si-

968 2328 1045 2359 mile
1071 2333 1173 2359 antea
1195 2327 1236 2357 de
1261 2326 1378 2357 eadem
1395 2334 1430 2355 re
1450 2325 1588 2355 allatum

967 2378 1029 2404 est.
1065 2374 1180 2414 ltaque
1206 2372 1304 2402 unice
1327 2371 1440 2410 placet
1459 2367 1590 2400 τοιόνδε

969 2430 1005 2449 11.

1012 2462 1049 2494 C.
1098 2457 1163 2503 ἆρ’
1192 2458 1282 2498 οὐκ,
1307 2459 1353 2492 ἄν
1379 2464 1588 2498 φαῖμεν-α

967 2507 1196 2548 ἐντιθει’9;]
1215 2508 1326 2549 Ἠιιηο
1349 2506 1511 2538 loeumin
1536 2506 1586 2535 in-

966 2560 1099 2595 tegrum
1123 2553 1284 2590 videmur
1302 2553 1492 2584 restituisse
1518 2550 1586 2581 vii·-

966 2600 1046 2639 gula
1076 2603 1154 2640 post
1184 2592 1235 2639 ἆρ’
1268 2594 1332 2630 οὐκ
1373 2596 1585 2636 interposita,

966 2647 1013 2676 ita
1039 2650 1074 2675 ut
1107 2641 1144 2674 ἣν
1172 2648 1291 2683 φαῖμεν
1315 2653 1375 2683 per
1406 2642 1585 2682 parentine>
