1644 2886
146 287 228 326 840
277 282 283 294 '

258 104 338 142 441¹»
761 103 1136 146 PLATONIS

358 218 455 262 ΑΘ.
512 211 610 270 'Ap'
651 210 732 259 οὖν
769 215 850 260 οὐκ
884 217 1004 272 ἴσμεν
1035 218 1114 262 τὸν
1143 221 1422 273 Ταραντῖνον
1443 218 1588 265 Ἴκκον

257 283 370 340 axos)
413 283 484 323 διὰ
536 281 615 324 τὸν
657 281 909 336 Ὀλυμπίασι
951 299 997 325 τε
1039 283 1192 337 ἀγῶνα
1239 286 1311 327 καὶ
1359 282 1462 334 τούς
1498 285 1585 344 [τε]

256 347 416 396 ἄλλους
461 345 520 396 ὡς
560 347 631 390 διὰ
676 351 947 405 φιλονεικίαν
990 354 1060 393 καὶ
1098 357 1248 405 τέχνην
1285 353 1357 394 καὶ
1392 350 1443 394 τὸ
1476 352 1586 402 μετὰ

257 416 336 458 τοῦ
370 421 615 472 σωφρονεῖν
648 412 858 470 ἀνδρεῖον
892 419 936 456 ὲν
970 417 1021 473 τῇ
1059 419 1177 476 ψυχῇ
1213 422 1493 471 κεκτημένος,
1531 415 1591 466 ὠς

349 595 387 626 Ρ.
413 594 492 628 840.
543 594 645 627 τούς
669 596 745 639 [ιε]
774 594 931 629 ἄλλους
955 595 1007 629 ὥς
1038 594 1106 629 διὰ
1131 595 1190 640 φ.]
1218 597 1311 630 Dedi
1337 595 1384 630 ώε
1407 599 1450 631 de
1474 600 1588 631 conie-

257 646 354 671 ctura
377 640 571 672 Heindorfii
597 652 664 682 quo
690 648 881 677 monstrum
906 644 1000 675 istud
1030 642 1375 684 anacoluthnquod
1405 646 1588 676 commenti
1615 682 1620 683 ⁷

258 691 354 723 flunt,
390 686 581 718 tolleretur
630 687 725 718 Idem
759 689 862 719 etiam
887 689 1024 720 Herrm.
1056 693 1222 728 sequutus
1257 693 1325 728 est,
1361 690 1420 730 qui
1451 695 1590 731 praeter

257 732 495 763 necessitatem
522 732 713 770 φιλονικίαν
737 735 901 765 correxit.
927 745 959 765 v.
985 734 1040 765 ad.
1056 733 1170 764 Alcib.
1191 732 1267 766 122.
1282 732 1322 764 C.
1346 734 1444 766 Libri
1469 745 1589 766 omnes

258 788 319 808 (ιη’.

257 823 291 853 id
317 822 420 853 etiam
446 823 568 853 Astius
593 826 628 853 et
651 823 768 855 Herm.

347 867 414 897 καὶ
440 866 664 908 Kommra]
698 868 737 899 V.
765 867 962 909 K'mpwoana
990 868 1103 899 Aliter
1129 869 1173 899 A.
1203 864 1290 901 Ω..ι·.

257 1021 316 1053 off.
346 1021 440 1055 x111
473 1022 502 1055 l.
515 1045 524 1061 ‚
554 1022 604 1052 sic
633 1022 734 1053 etiam
768 1021 887 1054 ἰδιωτι-

255 1067 325 1098 κῶς
349 1067 434 1107 ἔχειν
460 1065 496 1098 τὸ
528 1067 622 1106 σῶμα
635 1070 824 1108 opponitur
847 1067 890 1099 uzi

256 1107 294 1143 εὖ
328 1111 413 1153 ἔχειν
444 1111 480 1144 τὸ
520 1113 615 1151 σῶμα
647 1123 674 1144 s.
702 1113 740 1154 ιῇ
765 1102 891 1156 εὖεξιᾳ,

257 1167 346 1199 quae
370 1163 444 1190 artc
468 1159 684 1199 gymnastiea
709 1168 889 1200 compara-

256 1209 328 1242 tui-3
376 1215 409 1235 v.
428 1204 624 1244 Xenoph.
649 1203 754 1238 Mem,
779 1205 827 1236 11.
857 1205 892 1244 2,

255 1249 311 1282 20.
338 1248 405 1282 111.
431 1249 465 1287 5,
491 1249 543 1283 15.
570 1253 688 1289 Atque
713 1259 754 1280 eo
774 1250 890 1291 aptius

257 1293 433 1325 ἰδιωτικῶς
456 1296 607 1335 positum
633 1298 701 1331 est,
727 1305 831 1334 quum
848 1296 892 1326 de

256 1340 398 1372 athletis
423 1341 537 1371 statim
568 1340 798 1380 disputetur.“
848 1341 892 1371 A·

257 1384 371 1416 stine.
401 1385 493 1416 Huic
514 1385 697 1426 verborum
723 1386 892 1426 interpre-

255 1431 383 1462 tationi
404 1431 506 1471 plane
536 1430 780 1470 suffragamur.
828 1430 891 1462 Ce-

257 1481 368 1507 terum
399 1476 442 1507 de
474 1477 508 1507 vi
543 1481 576 1506 et
609 1476 765 1508 efficacia
796 1486 892 1516 gym—

257 1522 413 1553 nasticae
444 1522 489 1552 ad
521 1522 682 1552 virtutem
707 1522 892 1562 imprimis-

258 1576 326 1607 que
338 1568 602 1606 temperantiam
618 1577 648 1596 v.
665 1567 769 1597 etiam
778 1567 890 1606 Legg.

256 1611 282 1643 l.
306 1621 339 1652 p.
365 1610 431 1644 633
457 1621 532 1652 sqq.
557 1610 657 1651 Reip.
682 1610 731 1642 ΙΙ.
758 1621 791 1652 p.
810 1610 890 1644 377.

257 1655 315 1688 111.
340 1655 421 1689 410.
448 1656 492 1687 V.
517 1655 596 1690 452.
622 1655 662 1689 C.
684 1655 717 1686 D

323 1697 401 1741 'Ap'
436 1695 512 1731 οὖν
547 1697 625 1732 οὐκ
661 1701 782 1740 ἴσμεν
819 1697 892 1731 τὸν

262 1745 534 1787 Ταραντῖνον
554 1744 692 1778 Ἴκκον
716 1746 773 1788 -—]
822 1746 893 1777 Ve-

257 1793 392 1823 rissime
415 1792 710 1824 Heindorfius
737 1791 780 1822 ad
805 1790 892 1822 Pro-

256 1843 370 1877 tagor.
410 1847 443 1878 p.
478 1837 556 1871 489.
596 1837 660 1878 pro
696 1846 756 1875 eo,
797 1836 894 1877 quod

256 1883 363 1924 vulgo
396 1883 628 1921 scribebatur,
664 1892 719 1913 ων
749 1878 805 1912 διὰ
837 1892 893 1921 φι-

257 1928 443 1964 λονεικιᾞαν
469 1928 654 1969 legendum
678 1926 814 1959 censuit
838 1922 893 1957 ὥς

257 1971 313 2004 διὰ
337 1973 558 2013 φιλοιεικίαν.
585 1973 817 2004 Atti-actionis
833 1981 892 2012 ge-

256 2028 321 2049 nus
356 2019 444 2050 satis
485 2023 624 2058 notum,
672 2018 716 2049 de
749 2026 819 2058 quo
858 2027 890 2047 v.

256 2063 471 2096 Matthiae
495 2062 558 2095 Gr.
587 2065 619 2104 §-
645 2063 722 2096 296.
758 2062 892 2094 Vitium

256 2114 371 2140 ortum
402 2109 528 2140 exinde
558 2113 629 2163 est,
662 2107 755 2148 quod
787 2117 893 2148 quum

256 2155 443 2194 praecedat
475 2152 539 2185 διὰ
555 2151 616 2184 τὸν
621 2136 840 2192 ἨΟλιιμπιασι
861 2162 894 2183 ιε

258 2197 375 2240 ἀγῶνα
400 2199 455 2230 καὶ
489 2196 571 2229 τους
601 2196 743 2234 ἄλλους,
777 2202 894 2229 tamen

257 2245 373 2276 denuo
404 2244 554 2276 infertur
592 2241 645 2274 διὰ
685 2243 894 2283 φιλονεικίαν

259 2289 314 2320 καὶ
338 2289 455 2330 τέχνην
479 2300 507 2321 κ.
535 2300 562 2320 t.
588 2289 615 2320 2.
659 2287 893 2327 Quamobrem

259 2328 307 2365 ὧν
331 2335 564 2374 refluxerunt,
601 2335 694 2375 quod
726 2343 770 2365 ex
796 2333 892 2372 φιλο-

258 2380 385 2411 ιεικίαν
410 2380 464 2411 καὶ
490 2379 604 2420 τέχνην
634 2383 727 2411 esset
749 2388 893 2419 suspen-

258 2435 352 2465 sum,
377 2429 482 2466 atque
506 2421 555 2455 052
577 2421 691 2465 λόγος,
715 2424 892 2479 intellecto

257 2469 344 2507 ἐστι’,
380 2481 457 2503 cum
494 2473 697 2511 antegresso
740 2463 792 2509 ἆρ’
827 2465 893 2500 οὐκ

254 2517 348 2555 ἴσμεν
395 2512 486 2556 α’κοῇ
534 2516 792 2547 coniunxerunt
826 2515 894 2546 hoc

251 2571 373 2594 sensu·
399 2570 541 2592 nonne
566 2560 682 2592 fama
708 2563 750 2590 et
770 2559 893 2591 audi—

252 2608 372 2639 tione
419 2606 681 2646 accepimus,
742 2613 893 2636 memo-

252 2653 346 2684 riae
369 2652 582 2692 proditum
609 2659 703 2682 esse.
747 2659 775 2680 s.
803 2659 893 2682 nar-

929 1050 936 1056 .
958 1023 1058 1054 rari.

359 776 543 808 Praeterea
578 787 611 807 ιε
633 783 714 808 ante
745 775 868 810 ἄλλους
903 779 1150 810 eliminandum
1184 787 1375 810 censemus.
1414 779 1590 812 Damnant

1269 867 1586 901 '‘mrim-aco

1113 1021 1191 1060 Qua
1213 1022 1349 1054 ratione
1381 1032 1485 1063 quum
1514 1033 1586 1055 ver-

957 1068 1083 1100 borum
1107 1068 1322 1100 constructio
1352 1071 1423 1099 tum
1452 1073 1586 1100 senten-

958 1115 1027 1145 tiae
1061 1113 1151 1152 ratio
1191 1114 1314 1145 misere
1355 1114 1586 1154 perturbatur.

957 1150 1146 1190 Enimvero
1187 1158 1303 1212 quod
1318 1163 1399 1198 post
1434 1156 1488 1189 διὰ
1530 1156 1589 1189 τὸν

957 1200 1155 1242 Ὀλυμπίασί
1176 1214 1208 1234 τε
1232 1214 1348 1245 αγωια
1371 1214 1400 1234 κ.
1414 1215 1439 1235 r.
1455 1205 1482 1236 λ.
1509 1204 1588 1235 sub-

958 1250 1114 1289 iungitur
1144 1258 1266 1280 rursus
1298 1243 1353 1280 διὰ
1382 1250 1590 1288 φιλονεικίαν

960 1294 1013 1325 καὶ
1049 1293 1164 1334 τέχνην
1197 1305 1226 1325 κ.
1261 1305 1286 1324 τ.
1319 1294 1345 1325 λ.
1381 1295 1417 1326 id
1450 1295 1513 1326 etsi
1547 1303 1589 1325 ex

959 1340 1027 1374 levi
1053 1319 1201 1380 quadam
1216 1339 1385 1371 orationis
1399 1340 1590 1371 mutatione

959 1385 1183 1426 repetendum
1209 1388 1278 1422 est,
1307 1389 1423 1416 tamen
1447 1395 1517 1416 non
1541 1389 1590 1416 te-

960 1440 1053 1462 mere
1083 1431 1132 1460 ita
1161 1430 1236 1460 fieri
1265 1429 1367 1461 facile
1392 1434 1506 1471 potest
1539 1431 1590 1461 ἰιι-

960 1475 1082 1515 telligi.
1127 1473 1217 1506 Nam
1242 1475 1338 1527 prius
1354 1475 1439 1507 iilud
1459 1472 1513 1506 διὰ
1531 1473 1591 1505 τόν

958 1517 1159 1559 Ὀλυμπιασι
1194 1530 1226 1550 ιε
1264 1515 1382 1560 ἆγιῦια
1422 1520 1476 1551 καὶ
1507 1519 1591 1551 ποὺς

958 1563 1083 1596 ἄλλους
1117 1566 1199 1605 (int.
1226 1561 1379 1606 ἀγῶνας)
1419 1566 1592 1606 significat

959 1619 1117 1642 caussam
1142 1610 1192 1640 rei
1217 1616 1393 1642 externam
1420 1616 1523 1652 atque
1551 1611 1590 1642 fi-

958 1666 1038 1688 nem
1091 1655 1308 1686 extrinsecus
1354 1657 1589 1696 propositum:

958 1704 1139 1742 propter
1164 1705 1383 1732 certamen
1432 1700 1589 1742 Olym-

958 1747 1100 1787 picum
1131 1749 1264 1785 atque
1301 1745 1476 1786 reliqua
1506 1755 1590 1777 cer-

959 1791 1140 1829 tamina,
1164 1790 1198 1820 h.
1215 1800 1246 1822 e.
1268 1790 1362 1831 quod
1385 1791 1420 1822 in
1444 1791 1498 1822 bis
1518 1800 1590 1822 cer-

958 1836 1148 1868 taminibus
1165 1835 1325 1867 studebat
1344 1840 1524 1876 reportare
1534 1837 1589 1867 ›vi-

959 1883 1116 1913 ctoriam.
1132 1881 1291 1912 Alterum
1303 1881 1508 1912 veroistudx
1537 1877 1591 1912 διὰ

960 1927 1171 1967 φιλονεικίαν
1195 1937 1224 1957 κ.
1242 1936 1269 1957 τ.
1289 1926 1314 1956 λ..
1339 1926 1471 1958 indicat
1493 1936 1589 1958 caus-

960 1982 1034 2004 sam
1056 1971 1107 2002 rei
1130 1972 1166 2002 in
1190 1972 1300 2012 ipsius
1321 1971 1387 2002 viri
1405 1972 1590 2003 virtutibus

960 2017 1128 2059 positam:

960 2062 1157 2094 studium
1204 2065 1245 2093 et
1281 2061 1388 2093 artis
1429 2062 1588 2092 soller-
1642 2094 1643 2102 ἵ

960 2109 1064 2139 tiam
1087 2111 1129 2137 et
1152 2108 1258 2148 quia
1276 2116 1356 2138 una
1380 2116 1468 2138 cum
1490 2111 1588 2138 tem·
1641 2104 1642 2109 ’

960 2152 1171 2194 perantia
1202 2151 1331 2184 etiam
1361 2151 1588 2183 fortitudi-
1640 2180 1641 2191 ,

960 2207 1051 2229 nem
1089 2197 1229 2228 animo
1267 2206 1343 2229 suo
1375 2206 1588 2238 compara·
1643 2195 1644 2228 J

961 2246 1094 2275 verat.
1166 2240 1263 2280 Quae
1299 2243 1377 2282 quis
1413 2246 1464 2274 est
1505 2243 1588 2294 quin
1638 2233 1644 2279 ,ἕ

959 2286 1130 2329 largiatur
1167 2287 1357 2318 rectissime
1394 2288 1589 2318 consociari
1638 2282 1644 2299 ³

961 2338 1006 2373 et,
1030 2333 1250 2374 quantumvis
1272 2332 1497 2369 insolentiore
1511 2341 1589 2364 ora·
1637 2364 1642 2369 „

960 2376 1067 2410 tionis
1092 2377 1460 2417 forma.ta11quamin
1482 2387 1589 2408 unum
1636 2370 1644 2406 ,ἓ

960 2423 1152 2464 coniungi?
1206 2421 1275 2453 Sed
1309 2421 1363 2454 his
1391 2422 1442 2454 ita
1470 2422 1589 2465 expio·
1618 2443 1640 2464 .s

961 2469 1065 2507 ratis,
1095 2468 1197 2502 etiam
1221 2466 1291 2498 alia
1324 2468 1493 2508 quaedam
1518 2468 1589 2499 eiu·
1634 2477 1639 2492 *¹

960 2512 1055 2546 enda
1090 2511 1312 2551 estmacuia
1348 2513 1462 2544 verbis
1501 2512 1590 2544 male
1633 2515 1640 2536 ι

1193 2556 1283 2588 Nam
1309 2567 1342 2587 τε
1365 2562 1444 2590 ante
1467 2554 1590 2588 ἄλλους
1632 2559 1639 2579 2²

959 2559 1137 2599 adspersa}

961 2605 1041 2636 sine*
1059 2602 1164 2634 dubio
1189 2606 1250 2633 aut
1273 2602 1308 2632 in
1333 2612 1371 2642 γε
1387 2603 1589 2634 mutandum
1635 2633 1637 2641 s

959 2653 1021 2680 mn·
1043 2646 1201 2678 funditus
1227 2647 1410 2680 delendum
1435 2652 1508 2686 est,
1538 2652 1586 2677 nt-

1186 2020 1364 2058 propter
1416 2017 1590 2057 gloriae
1643 2027 1644 2031 ¹
