1644 2886
490 81 576 123 ‘DE
613 56 888 123 LEGIBUS
919 89 1001 120 eto.
1292 76 1402 119 mx

46 195 240 237 Atticist.
283 211 324 250 p.
371 196 462 236 149.
503 201 547 236 et
587 194 920 249 Harpocrat.
961 207 1002 248 p.
1040 193 1132 234 196.
1166 188 1256 233 Sed
1287 188 1402 231 idem

45 250 151 293 illud
190 250 351 308 legitur
396 250 525 292 etiam
565 251 608 292 in
654 249 794 306 ipsius
835 247 1091 291 Platonis
1123 245 1327 303 Sympos.
1360 262 1402 302 p.

44 309 141 351 218.
181 307 236 350 Ε.
278 307 529 364 placuitque
568 308 673 349 item
711 305 1028 361 Xenophonti,
1059 303 1278 360 Euripidi,
1309 303 1403 345 Lu-

43 364 186 418 ciano,
217 364 329 419 aliis,
360 371 410 407 ut
439 364 494 407 de
525 365 678 406 Attico
714 363 807 405 eius
841 378 921 408 usu
954 361 1074 404 nulla
1101 361 1230 417 plane
1261 359 1404 418 possit

42 435 138 463 esse
169 421 484 464 controversia.
553 421 710 463 Rarius
754 435 856 461 vero
897 418 1157 461 vocabulum
1189 423 1258 460 est
1290 419 1402 471 θρα-

41 479 217 530 συξενία
256 479 380 520 Libr.
422 478 505 520 IX.
542 494 584 534 p.
625 478 721 519 879.
762 476 815 517 Ε.
856 476 1048 532 positum
1081 475 1137 518 ad
1169 474 1403 532 designan-

41 533 141 576 dam
200 536 532 591 peregrinorum
579 533 871 576 insolentiam.
951 530 1084 586 Quod
1144 547 1248 574 num
1301 531 1401 586 quis

41 591 152 634 alius
203 592 504 647 usurpaverit,
558 605 639 633 nos
676 591 882 646 ignorare
933 589 1133 631 fatemur.
1215 588 1404 630 Notavit

41 654 187 690 autem
227 637 419 691 ἰΙΙυιῖθῒ,
458 648 770 704 interpretatus
810 653 878 689 est
911 646 1115 687 Pollux
1146 643 1307 687 Onom.
1338 645 1401 686 II.

46 707 138 747 113.
178 712 223 747 et
260 705 350 746 ΙΙΙ.
389 708 458 749 58.
490 704 760 757 ἀηδέστερον
801 701 980 759 quidem
1020 701 1278 758 appellans,
1321 702 1401 744 sed
1436 716 1438 718 ’

40 761 216 803 Platoni
256 762 350 804 sine
390 761 480 804 ulla
519 760 792 804 dubitatione
834 759 1075 802 vindicans.
1148 758 1240 800 Iam
1282 758 1401 813 quod

41 817 163 860 Libr.
194 818 299 861 VII.
331 835 372 875 p.
405 821 499 862 793.
529 818 583 860 E.
618 835 660 875 p.
704 819 799 860 794.
832 815 883 860 C.
914 834 956 873 p.
988 818 1085 858 785.
1119 817 1174 858 A.
1207 816 1302 856 796.
1347 814 1398 857 C.

38 875 210 928 κόρος
249 874 304 918 de
343 891 520 931 puero
560 876 630 917 vel
670 873 982 917 iuvenculo
1023 873 1189 915 dictum
1220 879 1313 926 est,
1354 872 1399 914 id

41 946 175 986 quum
216 939 449 989 cognatum
490 932 547 974 sit
578 933 730 975 Ionico
761 935 938 986 κοῦρος,
969 937 1058 972 tum
1088 937 1270 986 propter
1297 944 1400 972 con-

36 988 307 1032 iunctionem
346 1005 445 1032 cum
498 989 609 1045 κόρη
647 989 819 1032 facilem
869 988 1003 1031 habet
1051 987 1397 1041 excusationem,

37 1046 291 1101 praesertim
331 1062 465 1101 quum
506 1046 709 1089 vocabuli
758 1061 864 1089 usus
904 1060 986 1087 nec
1035 1045 1178 1100 poetis
1217 1044 1398 1100 ignotus

36 1117 87 1143 ac
127 1103 325 1145 similiter
361 1103 478 1159 apud
528 1103 904 1146 Lacedaemonios
953 1102 1202 1145 celebratus
1251 1101 1398 1154 fuerit,

37 1158 90 1200 de
133 1175 220 1215 quo
261 1177 300 1201 v.
341 1160 634 1204 Ruhnken.
685 1160 741 1202 ad
790 1161 903 1201 Tim.
944 1174 987 1214 p.
1031 1160 1112 1202 150
1151 1173 1234 1212 sq.v
1299 1158 1398 1200 Nec

36 1231 139 1257 vero
180 1216 301 1258 Libr.
344 1217 429 1258 XI.
474 1233 516 1272 p.
561 1219 658 1260 935.
691 1218 744 1259 B.
774 1215 1126 1270 μεγαλόνοια
1157 1214 1292 1257 ullam
1319 1214 1398 1256 ha-

37 1272 109 1314 bet
146 1272 453 1327 offensionem,
502 1273 620 1329 quod
663 1289 746 1317 nec
783 1273 1079 1316 Lucianus
1121 1272 1287 1314 Piscat.
1328 1272 1396 1314 22.

35 1330 228 1385 sprevit,
270 1336 312 1372 et
351 1330 616 1373 illustratum
647 1338 714 1374 est
742 1346 768 1372 a
799 1329 1127 1383 Grammaticis,
1161 1327 1396 1370 Polluce

35 1385 194 1428 Onom.
238 1387 319 1429 VI.
364 1390 458 1431 148.
501 1387 741 1443 Photio,
780 1387 891 1429 aliis.
952 1387 1022 1428 Ac
1052 1385 1252 1428 similiter
1281 1384 1395 1427 iudi-

34 1442 221 1485 candum
262 1451 328 1486 est
366 1444 494 1486 etiam
538 1444 591 1486 de
631 1460 726 1487 voc.
757 1446 1124 1496 παιδουργία
1158 1442 1278 1483 Libr.
1311 1442 1394 1484 VI.

34 1515 74 1555 p.
117 1502 212 1542 775.
253 1501 304 1542 B.
348 1516 436 1555 quo
480 1517 569 1543 non
607 1501 739 1544 modo
782 1500 1098 1556 Sophocles
1142 1497 1255 1541 Oed.
1287 1499 1393 1556 Tyr.

37 1558 159 1600 1248.
200 1556 448 1613 sedetiam
489 1559 725 1614 scriptores
757 1559 911 1614 optimi
944 1557 1105 1613 quique
1138 1556 1394 1612 posterioris

32 1614 189 1656 aetatis
231 1614 298 1656 usi
337 1629 433 1657 esse
473 1616 763 1671 reperiuntur.
831 1616 957 1657 Haec
995 1615 1130 1671 igitur
1169 1620 1274 1655 sunt
1303 1613 1394 1655 fere

33 1670 206 1711 nomina
247 1671 523 1714 substantiva
554 1673 727 1729 Legum
751 1673 882 1728 ‚operi
914 1672 1039 1728 priva
1068 1677 1112 1714 et
1143 1670 1393 1726 peculiaria.

31 1726 344 1784 Progredimur
383 1728 439 1770 ad
482 1730 660 1771 nomina
701 1728 930 1772 adiectiva.
999 1728 1069 1769 Ex
1100 1728 1260 1783 quibus
1290 1726 1394 1769 item

31 1784 240 1825 nonnulla
278 1785 323 1826 in
366 1786 464 1828 unis
505 1786 702 1843 Legibus
742 1802 768 1828 a
808 1787 991 1828 Platone
1033 1790 1243 1841 usurpata
1273 1790 1391 1838 sunt,

31 1840 126 1881 aliis
156 1847 301 1882 tamen
320 1842 606 1898 scriptoribus
627 1843 966 1898 haudquaquam
985 1842 1225 1897 incognita.
1288 1842 1392 1882 Per-

31 1896 144 1951 tinet
172 1896 258 1939 huc
288 1897 532 1956 ἀΐστωρ,
563 1900 798 1953 inscius,
831 1900 953 1941 Libr.
986 1899 1118 1941 VIII.
1148 1914 1193 1954 p.
1217 1899 1313 1940 845.
1337 1898 1391 1940 B.

33 1952 75 1993 in
126 1953 224 2009 lege
278 1953 466 2008 quadam
519 1956 834 2011 perscriptum,
885 1962 929 1997 et
991 1971 1017 1997 a
1066 1954 1390 2008 Grammaticis,

34 2008 238 2063 S-uida,
281 2010 592 2067 Hesychio,
634 2012 889 2066 Timaeo,
934 2018 1148 2065 notatum,
1182 2010 1302 2066 quod
1330 2010 1392 2053 le-

31 2066 149 2122 gitur
186 2067 317 2108 etiam
357 2068 476 2124 apud
515 2066 847 2125 Euripidem
891 2067 1031 2111 Andr.
1063 2070 1159 2110 683.
1191 2067 1268 2109 ubi
1298 2067 1390 2110 fue-

32 2129 132 2163 runt
171 2124 246 2177 qui
274 2123 507 2177 ἀνίστορες
535 2126 826 2182 corrigerent,
868 2124 922 2167 de
954 2141 1042 2180 quo
1072 2142 1112 2168 V.
1143 2124 1294 2166 Lobe
1312 2124 1389 2166 ck.

33 2178 88 2220 ad
138 2180 374 2237 l’hrynich.
415 2197 457 2237 p.
499 2183 594 2224 630.
666 2181 799 2235 Quod
849 2182 1107 2225 vocabulum
1157 2180 1390 2236 quominus

30 2241 326 2291 attrectemus,
359 2244 479 2280 certe
498 2238 607 2280 illud
639 2239 857 2294 prohibet,
889 2239 1008 2294 quod
1037 2239 1183 2295 legum
1215 2238 1391 2294 linguae

33 2292 267 2347 antiquiori
298 2294 444 2349 potuit
483 2309 580 2337 esse
611 2297 851 2352 proprium.
910 2298 977 2338 Ac
1008 2296 1147 2338 simile
1178 2294 1389 2349 quiddam

31 2349 246 2392 coniicere
277 2350 429 2394 licebit
458 2352 589 2394 etiam
622 2352 676 2394 de
707 2368 803 2395 voc.
833 2351 1112 2406 βιοδότος
1143 2352 1264 2394 Libr.
1299 2351 1388 2394 XI.

31 2420 72 2460 p.
104 2407 200 2448 921.
243 2409 298 2448 A.
340 2408 415 2450 ubi
455 2409 629 2464 poetica
668 2424 766 2451 cum
803 2409 981 2452 licentia
1020 2409 1074 2451 de
1107 2409 1189 2451 deo
1222 2407 1387 2450 dictum

31 2466 110 2503 ost.
170 2461 445 2518 Quamquam
473 2472 632 2522 poetae
664 2465 826 2509 dixisse
868 2467 956 2508 fere
987 2466 1263 2522 reperiuntur
1290 2466 1388 2515 βιο-

31 2516 172 2570 δώτης
221 2528 264 2561 et
301 2520 562 2576 βιοὸώτωρ,
604 2523 722 2578 quod
761 2523 903 2578 ipsum
943 2530 1085 2570 tamen
1121 2529 1188 2564 est
1219 2521 1387 2563 rarissi-

31 2589 170 2628 mum,
211 2582 432 2620 enotatum
461 2594 515 2620 ex
548 2579 686 2635 Orph.
725 2580 857 2637 Hym.
888 2583 959 2634 ⁴28,
989 2583 1027 2621 3.
1058 2582 1127 2633 7⁶2,
1160 2580 1199 2620 2.
1234 2577 1316 2634 Epi
1352 2593 1384 2620 r.

31 2629 210 2673 Anthol.
249 2632 387 2677 Palat.
426 2634 511 2678 IX.
555 2638 650 2679 525.
691 2638 728 2679 3.
798 2637 894 2680 Nec
924 2652 1027 2680 vero
1060 2651 1084 2678 a
1114 2634 1291 2691 poetico
1319 2593 1383 2677 {i-
