1644 2886
265 109 289 150 ⁴2
531 126 539 133 »
697 103 1144 148 ARGUMENTUM

265 219 383 260 ribus
426 217 617 259 honestis
655 230 705 257 ac
743 215 1057 269 laudabilibus,
1099 230 1192 258 sese
1224 214 1343 257 dedit
1371 214 1579 272 ignauiae,

264 279 338 315 aut
367 273 551 327 denique
595 271 725 314 vitam
755 283 832 327 pro
862 272 989 314 unico
1020 273 1131 314 bono
1161 272 1314 325 habet,
1343 287 1428 313 non
1453 287 1579 327 repu-

262 337 373 382 tans,
404 328 585 369 maxima
614 327 800 368 omnium
816 328 1022 369 bonorum
1044 328 1168 370 nobis
1197 338 1306 381 esse,
1341 342 1448 381 quae
1480 334 1580 382 post

221 414 226 418 -
264 385 373 426 hanc
401 384 530 425 vitam
560 398 638 425 nos
666 390 878 434 maneant.
946 384 1041 428 Nec
1068 398 1168 425 vero
1198 383 1269 425 ille
1299 398 1447 425 revera
1476 383 1579 425 colit

262 441 446 481 animum
488 454 632 492 suum,
672 440 743 494 qui
782 439 1111 494 pulcritudinem
1150 440 1370 495 anteponit
1407 439 1577 489 virtuti3
1641 441 1643 444 ’

262 496 368 538 haec
411 495 523 536 enim
553 495 714 549 divina,
742 495 816 536 illa
843 497 1058 538 terrestris
1099 502 1184 547 est3
1223 502 1299 537 aut
1326 495 1398 550 qui
1429 495 1580 551 opibus

262 566 312 593 ac
351 551 510 593 divitiis
551 551 701 592 inhiat.
760 552 958 605 Denique
990 555 1061 607 qui
1096 567 1183 594 non
1212 551 1327 593 omni
1355 550 1484 605 modo
1515 565 1578 603 ea,

261 621 370 661 quae
409 607 553 663 legum
595 613 745 649 auctor
780 609 922 663 turpia
962 615 1090 663 atque
1129 607 1239 649 mala
1268 622 1360 650 esse
1389 622 1578 661 pronun-

260 663 462 718 tiaverit,
484 663 618 704 vitare
647 673 775 717 atque
810 664 982 720 fugere,
1022 679 1217 719 quaeque
1254 663 1367 705 idem
1396 663 1507 704 bona
1535 668 1579 703 et

260 719 439 761 honesta
476 733 570 760 esse
609 721 828 773 statuerit,
870 735 995 774 quam
1025 719 1336 762 studiosissime
1367 718 1505 761 colere
1537 725 1580 759 et

260 774 687 830 sectarijstuduerits
717 776 753 816 is
791 776 907 818 nullo
937 776 1064 817 modo
1096 776 1281 817 animum
1310 790 1433 818 suum
1462 780 1578 815 recte

260 846 410 874 ornare
441 830 680 880 censendus
711 838 791 885 est,
825 831 900 873 sed
931 833 1074 887 potius
1101 833 1324 874 maximam
1354 832 1392 873 ei
1419 830 1577 872 ,afferre

258 887 567 943 turpitudinem
597 897 639 928 et
666 888 951 944 ignominiam.
1010 887 1182 943 Quippe
1212 888 1393 929 maxima
1421 888 1578 942 impro-

258 943 402 986 bitatis
442 955 580 998 poena
617 945 767 998 utique
804 944 909 986 haec
939 950 1027 997 est,
1067 943 1184 997 quod
1213 944 1286 998 qui
1315 944 1353 985 ei
1382 958 1474 985 sese
1506 942 1578 984 de-

259 999 391 1052 dunt,
422 999 465 1040 hi
478 1003 498 1052 ,‘
530 999 665 1041 vitata
710 1000 942 1055 proborum
970 999 1188 1042 hominum
1219 999 1447 1056 societate,
1479 998 1579 1052 quia

258 1055 547 1110 improborum
585 1061 764 1096 utuntur
810 1056 1052 1109 consortio,
1099 1056 1182 1111 ipsi
1221 1057 1391 1110 quoque
1421 1056 1575 1110 impro-

258 1112 422 1153 bissimi
453 1110 641 1152 evadunt
679 1111 862 1166 ideoque
897 1111 1045 1153 eadem
1076 1118 1119 1153 et
1147 1112 1310 1153 faciunt
1340 1118 1381 1153 et
1409 1111 1578 1166 patiun7

257 1176 348 1221 tur,
389 1182 498 1221 quae
536 1167 719 1222 improbi
759 1183 808 1209 ac
838 1167 1031 1220 scelesti,
1071 1182 1207 1221 eoque
1236 1168 1332 1223 ipso
1362 1168 1406 1208 in
1436 1166 1579 1221 perni-

258 1223 365 1266 ciem
394 1229 537 1264 ruunt.
586 1223 738 1278 Itaque
768 1239 894 1265 verus
924 1223 1051 1265 animi
1082 1224 1239 1275 cultus,
1271 1224 1308 1265 si
1337 1223 1485 1279 paucis
1516 1221 1580 1263 di-

258 1278 440 1321 cendum
482 1285 546 1320 cst
584 1278 701 1333 quod
739 1294 806 1321 res
845 1281 940 1335 ipsa
979 1279 1063 1321 dici
1104 1280 1245 1333 iubet,
1290 1279 1332 1320 in
1374 1279 1454 1320 hoc
1493 1292 1578 1320 uno

258 1335 460 1386 cernitur,
492 1340 540 1375 ut
570 1349 738 1391 semper
764 1346 807 1376 et
835 1335 993 1390 ubique
1024 1350 1251 1389 sequamur
1268 1334 1444 1376 meliora
1473 1340 1514 1376 et
1543 1333 1579 1375 si

257 1406 366 1446 quae
416 1390 521 1432 vitia
560 1390 728 1441 adsint,
777 1406 826 1433 ea
865 1392 1080 1448 corrigere
1119 1390 1380 1433 studeamus.
1446 1388 1579 1443 Quod

286 1447 457 1488 uoniam
503 1448 629 1489 unius
665 1447 794 1488 animi
832 1448 1014 1488 maxime
1051 1462 1204 1489 munus
1234 1453 1320 1500 est,
1362 1452 1476 1488 recte
1516 1445 1578 1487 vi—

287 1517 405 1544 emur
433 1502 563 1544 animi
592 1518 737 1553 curam
765 1503 1012 1558 cultumque
1040 1502 1228 1545 secundo
1257 1503 1353 1544 loco
1382 1501 1579 1557 posuisse

258 1560 331 1614 (p.
376 1558 468 1602 726.
505 1560 561 1601 A.
593 1584 646 1589 —
678 1559 771 1601 728.
809 1559 864 1602 D.
907 1559 991 1614 in.)
1022 1585 1075 1590 —
1142 1559 1233 1600 Iam
1273 1574 1375 1601 vero
1419 1557 1485 1600 his
1515 1557 1575 1599 ita

256 1614 463 1670 expositis
501 1615 780 1658 Atheniensis
818 1614 1094 1671 progreditur
1123 1614 1177 1656 ad
1206 1614 1276 1668 id,
1308 1613 1423 1669 quod.
1451 1613 1578 1655 tertio

255 1670 352 1712 loco
393 1669 639 1712 habendum
667 1677 816 1727 putat,
848 1670 903 1712 ad
931 1671 1124 1726 corporis
1154 1671 1314 1712 cultum
1344 1677 1472 1724 atque
1502 1668 1576 1710 ho-

255 1740 426 1779 norem,
476 1725 662 1780 itemque
706 1726 762 1768 ad
799 1727 1008 1768 bonorum
1046 1732 1315 1767 externorum
1355 1726 1576 1768 rationem.

255 1781 326 1824 De
358 1796 442 1836 quo
473 1781 646 1838 quidem
674 1782 769 1825 loco
807 1782 913 1824 haec
942 1782 1145 1838 disputat.
1205 1780 1409 1836 Corporis
1439 1780 1576 1836 digni-
1634 1835 1636 1838 ι

256 1844 323 1880 tas
353 1843 483 1892 atque
513 1838 664 1891 honos,
694 1838 850 1893 inquit,
881 1853 967 1879 non
995 1838 1040 1879 in
1070 1853 1120 1879 eo
1144 1844 1210 1879 est
1239 1837 1420 1891 positus,
1451 1842 1501 1877 ut
1521 1835 1578 1881 sit
1632 1843 1635 1849 ’

255 1894 488 1936 formosum
531 1899 605 1936 aut
640 1895 863 1936 robustum
891 1899 965 1935 aut
993 1909 1193 1950 magnum
1224 1891 1578 1948 aut-pernicitate

254 1950 438 2006 insigne,
480 1950 607 1992 sicuti
647 1950 819 2006 plurimi
858 1950 1099 2006 opinantur.
1165 1949 1300 2000 Immo
1340 1948 1385 1989 in
1413 1948 1479 1989 his
1510 1962 1576 1989 re-

254 2006 335 2048 bus
382 2005 653 2048 mediocritas
695 2005 904 2061 quaedam
941 2004 1180 2062 expetenda
1209 2010 1298 2058 est,
1340 2019 1448 2058 quae
1477 2018 1575 2058 pro-

255 2061 422 2104 hibebit
443 2067 571 2116 certe,
591 2077 645 2104 ne
666 2069 740 2104 aut
759 2061 933 2117 superbi
955 2068 999 2104 et
1022 2061 1205 2103 audaces
1224 2071 1298 2101 aut
1315 2060 1438 2101 nimis
1461 2073 1574 2100 sum-

256 2117 375 2159 missi
422 2123 464 2159 et
509 2119 682 2173 angusti
723 2119 967 2161 existamus.
1043 2119 1188 2172 Atque
1218 2115 1364 2157 eadem
1398 2129 1574 2171 prorsus

255 2173 365 2215 ratio
395 2178 461 2215 est
489 2173 618 2215 etiam
647 2174 871 2226 honorum,
903 2189 1032 2230 opum
1061 2188 1110 2215 ac
1140 2172 1394 2215 divitiarum.
1452 2168 1587 2223 Quae-

256 2228 399 2273 omnia
426 2229 563 2271 sicubi
593 2230 751 2271 iustum
780 2229 951 2271 modum
982 2229 1205 2281 excedunt,
1235 2233 1277 2268 et
1306 2227 1503 2282 privatim
1531 2233 1573 2267 et

255 2284 427 2340 publice
465 2299 620 2340 magna
647 2285 828 2327 afferunt
855 2285 1066 2341 pericula,
1095 2283 1443 2340 quandoquidem
1472 2297 1572 2325 con-

236 2340 361 2384 ,flare
409 2340 551 2382 solent
589 2339 757 2395 odium,
788 2342 1064 2395 inimicitiam,
1097 2340 1369 2389 seditionem3
1400 2338 1467 2380 sin
1497 2353 1569 2379 au-

255 2403 343 2438 tem
383 2395 588 2438 deficiunt
628 2412 677 2439 ac
716 2397 1028 2449 desiderantur,
1065 2396 1315 2451 plerumque
1352 2394 1571 2436 adducunt

258 2452 519 2494 servitutem.
551 2451 703 2507 Itaque
733 2469 811 2495 nec
843 2453 1071 2496 liberorum
1101 2452 1238 2508 gratia
1257 2465 1433 2506 magnae
1455 2465 1569 2499 com-

256 2507 473 2564 parandae
511 2507 684 2550 divitiac
723 2515 844 2563 sunt,
882 2509 960 2564 ‚qui
996 2509 1032 2552 si
1061 2523 1140 2550 nec
1170 2506 1388 2550 abundent
1417 2506 1570 2563 opibus

258 2578 343 2606 nec·
375 2564 521 2620 inopia
549 2571 818 2620 premantur,
864 2579 994 2620 quum
1042 2563 1095 2606 ab
1115 2563 1405 2605 adulatoribus
1448 2568 1572 2604 erunt

257 2619 355 2673 tuti,
383 2632 473 2662 tum
492 2620 662 2663 omnino
694 2621 852 2677 optime
874 2620 1002 2663 vitam
1034 2619 1202 2676 degent.
1262 2618 1399 2661 Immo
1426 2617 1573 2660 liberis
