1644 2886
275 84 356 123 481)
782 83 812 122 P
832 83 868 123 L
882 83 920 123 A
939 83 974 122 T
989 81 1030 123 O
1046 82 1082 124 N
1099 82 1163 124 IS

275 203 367 249 γοῖς
408 211 449 236 τε
485 197 556 235 και
593 194 762 236 τούτων
799 191 994 244 δούλοις,
1041 195 1163 238 οἴνου
1207 211 1251 238 τε
1284 195 1606 250 μεταβαλλόμε-

276 277 351 310 νος
386 262 456 314 agai
492 262 615 301 σίτου
658 261 844 315 πρᾶσιν,
878 256 901 302 ὃ
938 258 987 310 δὴ
1029 263 1268 311 καπηλείαν
1311 260 1608 316 ἐπονομάζου-

274 341 342 368 σιν
379 329 419 367 οἱ
467 327 675 368 πλεῖστοι.
710 328 782 367 καὶ
818 323 938 377 ζώων
989 328 1361 381 διαμερισθέντων
1407 326 1610 383 μάγειροι

276 393 583 433 διατιθέσθων
630 391 765 442 ξένοις
798 407 842 434 τε
890 395 961 434 καὶ
1009 393 1289 448 δημιουργοῖς
1322 394 1393 434 καὶ
1440 392 1609 435 τούτων

276 461 474 506 οἰκέταις.
523 457 673 498 πᾶσαν
708 459 751 498 δὲ
787 454 896 508 ὕλην
931 455 1144 512 καύσιμον
1188 457 1397 512 ὁσημέραι
1430 457 1548 509 ξένος
1582 456 1606 500 ὁ

274 524 516 577 βουληθεὶς
559 521 760 565 ὠνείσθω
805 523 886 577 μὲν
927 521 1114 578 ἀθρόαν
1157 522 1278 580 παρὰ
1315 525 1402 566 τῶν
1437 530 1481 566 ἐν
1519 531 1610 573 τοῖς

271 592 446 644 χωρίοις
491 587 763 644 ἐπιτρόπων,
812 590 1002 631 πωλείτω
1045 591 1090 631 δὲ
1139 586 1277 638 αὐτὸς
1323 597 1413 638 τοῖς
1462 589 1609 641 ξένοις,

301 760 304 761 ⁷
371 717 410 750 D.
458 715 586 746 οἴνου
618 726 661 747 τε
693 714 1097 759 μεταβαλλόμενος]
1131 727 1167 748 τε
1192 715 1342 749 additum
1371 716 1476 749 habes
1501 726 1542 748 ex
1572 720 1610 748 Α.

283 761 320 792 Ω.
349 771 378 793 v.
405 761 427 792 f.
451 759 481 792 h.
507 769 534 792 r.
561 770 591 794 a.
616 761 647 792 δ.
675 773 706 795 ο.
732 771 764 793 x.
814 760 935 801 Margo
972 761 1068 792 Voss.
1107 760 1197 794 Flor.
1223 773 1254 794 a.
1280 772 1310 794 c.
1338 762 1368 794 δ.
1392 761 1610 805 μεταπιπριί-

277 819 383 846 σκων,
405 804 500 847 quod
525 810 634 838 ortum
659 816 702 838 ex
727 805 1021 847 interpretatione.

367 850 436 882 καὶ
467 849 632 882 ὁπόταν
668 850 907 893 βούληται]
947 851 1023 885 Om.
1059 850 1141 883 haec
1175 851 1250 883 Vat.
1287 850 1308 883 f.
1342 855 1375 883 et
1413 861 1462 893 pr.
1496 855 1534 883 A.
1571 848 1608 881 Ω.

280 965 359 1002 post
387 960 587 994 interiecta:
626 957 646 999 ἢ
682 958 739 990 καὶ
766 958 827 999 τὴν
852 957 912 990 «ἴλ-

280 1007 342 1046 λην
378 1004 560 1047 ξύμπασαν
595 1003 727 1045 τροφήν
765 1005 912 1046 amplifl-

281 1057 356 1083 eata
381 1050 550 1083 sententia
575 1050 772 1090 subiicitur:
796 1049 916 1085 ἀστοῖς

280 1098 341 1139 μὲν
367 1114 410 1119 -
434 1094 522 1137 μήτε
555 1107 608 1130 τις
642 1094 793 1126 πωλείτω
826 1105 854 1126 κ.
882 1107 914 1126 τ.

281 1143 310 1173 λ.
338 1141 385 1173 ita
411 1144 448 1172 ut
473 1139 663 1181 superioris
692 1139 783 1172 illius
808 1151 913 1180 καπη-

282 1187 372 1224 λείας
405 1187 494 1218 nunu
522 1186 667 1226 amplius
699 1186 786 1217 ratio
811 1185 915 1216 duca—

282 1238 348 1265 tur.
405 1231 497 1265 Quin
529 1231 562 1262 in
596 1229 645 1262 iiis
684 1230 767 1269 ipsis
798 1239 917 1261 rursus

282 1280 384 1316 sunt,
425 1286 512 1317 quae
548 1275 688 1308 liberius
723 1285 918 1307 sermonem

282 1321 532 1354 conformatum
555 1331 634 1353 esse
650 1321 840 1352 certissime
865 1330 917 1352 ar-

282 1371 400 1409 guant.
456 1367 556 1400 Quae
591 1366 702 1407 qualia
735 1367 824 1403 sint,
857 1375 917 1397 no-

285 1415 395 1445 lumus
428 1421 516 1443 nunc
549 1411 753 1452 explicatius
779 1411 918 1450 docere,

283 1468 385 1499 quum
411 1458 455 1490 de
478 1457 519 1489 iis
544 1458 595 1489 vei
622 1457 728 1489 verbo
743 1458 920 1490 monuisse

284 1503 367 1535 satis
392 1503 449 1535 sit.

331 1570 371 1601 D.
419 1569 542 1599 οἴνου
575 1578 619 1598 τε
652 1566 918 1609 μεταβαλλό-

284 1625 415 1657 μενος
439 1631 484 1637 -
509 1613 688 1654 πρᾶσιν]
723 1611 919 1654 Μεταβιίλ-

287 1661 416 1691 λεσθαι
448 1658 586 1699 proprie
622 1657 780 1690 dicuntur
804 1659 837 1689 οἱ
859 1656 920 1689 κοί-

287 1705 408 1746 πηλοι,
433 1703 488 1744 qui
513 1712 643 1735 merces
668 1713 687 1734 a
719 1702 920 1735 mercatori·

287 1750 350 1781 bus
383 1753 492 1780 emtas
523 1747 606 1779 lucri
638 1757 763 1780 caussa
804 1757 920 1780 rursus

288 1793 485 1828 divendunt.
515 1792 616 1825 Unde
631 1793 748 1826 Schoi.
764 1797 857 1826 recte
872 1793 922 1824 in—

288 1842 498 1882 terpretatur
521 1837 821 1881 με-ιαπιπριίσκειν,
858 1839 922 1870 At-

287 1895 354 1927 que
384 1884 509 1917 exinde
542 1884 668 1916 ciarum
701 1884 738 1915 fit
768 1893 808 1916 ac
841 1893 922 1924 per-

289 1931 458 1972 spicuum,
485 1937 544 1961 cur
569 1928 702 1961 dicatur
725 1931 850 1970 πρᾶσιν
873 1929 921 1960 οἵ·

288 1987 349 2006 νου
390 1974 447 2005 καὶ
485 1973 581 2006 σίτου
611 1972 922 2015 μεταβαλλόμενος.

290 2020 375 2053 Nam
407 2019 471 2051 diei
511 2019 592 2050 item
631 2019 741 2059 potuit
777 2030 923 2060 μεταπι-

287 2062 443 2108 πριίσκων
468 2066 591 2106 πρᾶσιν
617 2065 713 2096 οἴνου
738 2063 793 2094 καὶ
816 2064 924 2096 σίτου,

290 2111 341 2142 De
370 2107 538 2150 καπήλοις
573 2119 603 2140 v.
631 2108 688 2141 De
712 2108 800 2149 Rep.
818 2108 867 2140 II.
887 2118 919 2149 p.

287 2154 434 2189 371..D.
469 2154 605 2186 Pontio.
633 2164 665 2195 p.
691 2153 770 2187 260.
803 2153 842 2185 C.
867 2153 923 2185 ubi

290 2201 393 2232 Plato
418 2201 494 2241 ipse
519 2199 598 2239 quid
614 2198 668 2231 isti
694 2198 846 2231 homines
863 2208 922 2230 ne-

289 2245 373 2286 gotii
397 2244 573 2283 factitent‚
605 2243 735 2276 diserte
760 2243 922 2276 declarat.

289 2290 381 2325 conf.
419 2290 520 2322 etiam
547 2289 655 2331 intpp.
681 2288 724 2321 nd
751 2288 924 2320 Herodot.

292 2335 350 2367 ul.
375 2335 431 2369 89.
463 2334 608 2366 Davis.
640 2333 681 2367 ad
717 2333 807 2367 Max.
841 2334 923 2376 Tyr.

292 2379 349 2412 lv.
375 2380 408 2414 5.
435 2390 467 2420 ρ.
480 2379 536 2413 56.
565 2380 618 2411 ed.
649 2379 765 2412 Reisk.
791 2378 926 2419 Toup.

292 2424 334 2457 nd
371 2425 466 2457 Suid.
503 2425 543 2457 ΙΙ.
578 2435 609 2466 p.
643 2425 687 2458 67
720 2435 770 2464 sq.
813 2423 927 2456 Peri-

293 2480 383 2502 zon.
408 2469 451 2502 ad
477 2470 555 2502 Aer.
587 2469 679 2501 Varr.
706 2469 798 2500 ΗΜ.
818 2468 876 2500 ΧΙ.
894 2468 925 2501 9.

337 2537 646 2569 διατιθέσθων
672 2535 826 2577 ξένοις]
845 2535 928 2568 Δια-

293 2582 468 2614 Tmen-9124
492 2581 650 2614 dicuntur
673 2581 729 2623 qui
755 2591 929 2614 merces

293 2636 392 2659 suas
445 2628 626 2663 venales
679 2630 931 2668 exponunt;

982 959 1025 992 de
1058 970 1126 1001 quo
1157 960 1252 992 verbi
1286 970 1350 992 usu
1376 964 1513 1002 praeter
1537 959 1611 992 Ca-

983 1005 1097 1037 saub.
1124 1005 1167 1037 ad
1193 1005 1353 1037 strabon.
1381 1016 1413 1047 p.
1430 1005 1485 1040 17.
1512 1005 1611 1037 Dor-

984 1051 1072 1082 vin.
1099 1050 1142 1083 ad
1159 1049 1287 1083 Charit.
1303 1061 1335 1092 p.
1351 1051 1430 1084 269.
1448 1055 1483 1083 et
1502 1050 1611 1082 Wes-

985 1095 1138 1136 seiing.
1163 1095 1205 1127 ad
1232 1095 1337 1128 Diod.
1364 1095 1470 1127 Sicui.
1503 1095 1526 1128 1.
1543 1095 1612 1135 66..

983 1149 1070 1182 quos
1085 1141 1151 1172 iam
1177 1142 1323 1173 Astins
1349 1140 1510 1180 laudavit,
1530 1150 1612 1173 con-

985 1186 1077 1217 sulas
1090 1186 1257 1227 imprimis
1272 1185 1303 1217 T
1314 1196 1362 1218 ou
1373 1197 1404 1228 p.
1417 1185 1612 1218 Emendatt.

985 1232 1018 1263 in
1052 1230 1147 1263 Suid.
1185 1230 1224 1264 P.
1255 1231 1338 1263 111:
1360 1231 1489 1272 opusc.
1528 1231 1612 1263 Crit.

989 1276 1025 1307 V.
1053 1276 1076 1308 Ι.
1113 1286 1144 1317 p.
1170 1275 1248 1310 531.
1277 1276 1330 1308 ed.
1364 1276 1460 1318 Lips.
1509 1276 1612 1308 Geni·

986 1322 1074 1363 tivus
1113 1322 1291 1363 partitivum
1333 1319 1422 1360 ζώων
1459 1321 1614 1364 διαμερι-

986 1366 1138 1399 σθέντων
1185 1365 1261 1398 huic
1314 1366 1420 1398 verbo
1467 1365 1614 1405 additur,
1638 1375 1644 1377 ·

985 1411 1144 1452 quoniam
1179 1411 1226 1443 ἰΙΙὶ
1262 1411 1359 1443 iocus
1391 1411 1480 1453 apud
1511 1411 1615 1444 verba

987 1456 1098 1489 omnis
1137 1457 1275 1498 generis
1322 1466 1507 1488 concessus
1545 1460 1616 1496 est3

987 1500 1031 1534 de
1062 1511 1129 1542 quo
1168 1510 1232 1533 usu
1263 1510 1292 1532 v.
1331 1501 1373 1533 ad
1404 1501 1548 1534 Theaet.
1581 1512 1614 1543 p.

987 1546 1066 1580 232.
1101 1546 1142 1578 Β.
1177 1551 1212 1578 et
1241 1545 1319 1580 247.
1349 1540 1457 1578 Β.“--
1486 1545 1618 1589 ὁσημέ

985 1602 1067 1634 ραι,
1092 1591 1311 1631 quotidie.

1030 1636 1073 1668 E.
1124 1638 1201 1667 τῶν
1231 1633 1431 1667 ‹sk-dnm
1454 1634 1615 1677 χρημά-

985 1691 1069 1712 των
1093 1681 1159 1722 -]
1191 1680 1374 1713 Genitivus
1405 1690 1446 1712 ex
1482 1678 1618 1712 ὁπόσων

984 1724 1131 1767 pendet,
1169 1725 1335 1766 siquidem
1362 1724 1445 1757 haec
1469 1728 1522 1756 est
1544 1725 1616 1756 iun-

987 1774 1087 1803 ctura
1106 1770 1305 1803 verborum:
1330 1767 1470 1802 ὁπόσων
1493 1770 1528 1802 δὲ
1552 1772 1618 1801 τῶν

986 1815 1099 1847 ἄλλων
1144 1814 1331 1857 χρημάτων
1384 1813 1520 1847 πάντων
1563 1814 1620 1846 καὶ

990 1863 1117 1892 σκευῶν
1146 1860 1244 1903 χρεία
1278 1858 1402 1902 (ἐστὶν)
1437 1858 1618 1893 ἑκάστοισι.

990 1906 1150 1938 Pessime
1186 1905 1287 1946 igitur
1321 1905 1509 1937 orationem
1540 1908 1620 1946 post

990 1954 1113 1983 σκευῶν
1137 1951 1239 1991 vulgo
1264 1949 1417 1982 incidunt
1437 1953 1621 1990 commate,

992 1995 1035 2028 de
1082 1994 1240 2036 genitivis
1287 1995 1454 2027 absolutis
1503 1995 1620 2027 nescio

991 2040 1112 2082 quibua
1129 2040 1350 2072 somniantes.
1377 2038 1467 2071 conf.
1494 2039 1620 2072 Bern-

992 2085 1124 2126 hardy
1155 2085 1297 2125 Syntax.
1329 2096 1361 2127 p.
1393 2084 1472 2119 303.
1510 2088 1546 2116 et
1569 2085 1620 2116 in-

990 2131 1041 2163 fra
1075 2140 1108 2171 p.
1140 2129 1219 2164 850.
1251 2130 1297 2162 A.
1350 2130 1433 2162 Dein
1466 2133 1545 2170 post
1576 2130 1623 2165 εἰς

989 2175 1052 2207 τὸν
1077 2172 1185 2206 τόπον
1210 2173 1361 2215 ἕκαστον,
1387 2175 1420 2207 in
1445 2184 1513 2215 quo
1535 2175 1620 2206 mul-

993 2219 1147 2253 titudinis
1176 2220 1268 2252 inest
1302 2220 1524 2260 significatio,
1562 2229 1623 2260 per

992 2266 1127 2307 synesin
1152 2265 1296 2297 infertur
1320 2266 1353 2297 ἐν
1379 2260 1441 2305 οἷς,
1465 2263 1556 2304 quod
1571 2264 1621 2295 ni-

993 2310 1035 2344 hii
1075 2311 1118 2343 ab
1149 2309 1320 2343 communi
1360 2318 1423 2342 usu
1463 2307 1621 2350 loquendi

993 2355 1135 2388 recedit.
1162 2373 1204 2379 ——
1229 2352 1543 2396 τεκμηράμενοι
1569 2363 1623 2385 re-

995 2407 1051 2432 cte
1075 2400 1221 2441 explicat
1246 2399 1361 2432 Schoi.
1393 2397 1622 2440 σημειωσόμε-

995 2458 1060 2477 ι·οι.
1122 2446 1230 2478 Etiam
1265 2443 1403 2475 Athenis
1439 2453 1521 2474 suus
1553 2443 1622 2475 cui-

996 2500 1061 2532 que
1074 2491 1170 2522 iocus
1186 2490 1216 2520 in
1231 2489 1306 2521 soro
1323 2491 1412 2526 erat3
1440 2498 1470 2523 v.
1488 2487 1622 2520 Meur-

996 2536 1085 2568 sius
1118 2535 1231 2566 Lecti.
1267 2536 1334 2565 Ait.
1365 2533 1422 2564 VI.
1446 2533 1502 2567 24.
1535 2532 1623 2565 conf.

999 2580 1090 2613 Libr.
1115 2579 1189 2616 XI.
1204 2589 1236 2621 p.
1262 2579 1339 2613 915.
1367 2579 1405 2610 D.

1041 2625 1080 2656 ἐν
1112 2622 1289 2661 τούτοις
1321 2621 1623 2654 ἀλλάττεσθαι
