1644 2886
501 119 582 161 DE
617 116 893 162 LEGIBUS
927 125 1007 160 etc.
1253 114 1422 159 XXIII

72 235 208 287 xerit,
254 248 364 289 quae
407 247 492 275 non
535 231 710 274 aliunde
749 231 883 274 ducta
913 232 1002 275 sint
1031 230 1115 274 nisi
1147 245 1199 272 ex
1230 229 1423 272 fortuitis

73 291 187 334 vitae
229 290 469 333 communis
511 290 765 332 rationibus.
834 289 905 331 De
948 289 1105 345 quibus
1143 285 1422 344 opinionibus

72 348 179 391 satis
226 348 310 389 erit
350 346 624 390 consuluisse
683 346 902 388 Aetium
942 346 1012 388 De
1050 345 1157 388 Vita
1185 352 1231 387 et
1261 344 1422 400 Script.

71 405 182 448 Plat.
211 421 252 462 p.
285 406 380 447 385.
442 403 557 446 Nam
587 411 636 446 ut
666 403 873 461 plurimae
906 404 1024 460 leges
1054 418 1142 446 non
1171 401 1423 459 singulatim

72 462 127 504 ad
167 463 340 505 virtutis
381 461 590 504 rationem
634 462 900 514 referantur,
934 468 1078 503 tamen
1109 459 1217 503 illud
1247 457 1424 514 quidem

72 527 238 563 certum
277 527 320 562 et
357 518 626 576 exploratum
674 517 907 570 habemus,
955 533 1009 560 ne
1049 518 1203 560 harum
1249 515 1423 572 quidem

72 577 395 620 observantiam
434 590 488 618 ex
526 575 745 617 sententia
794 574 988 617 Platonis
1030 575 1134 618 boni
1174 582 1218 617 et
1252 574 1422 616 honesti

72 633 220 677 studio
251 642 294 677 et
323 647 468 676 amore
498 632 586 674 ullo
625 631 755 674 modo
795 647 950 674 vacare
992 647 1135 688 posse.
1197 630 1287 674 Sed
1317 631 1424 673 haec

74 691 246 747 quidem
285 690 394 733 satis
433 695 562 732 sunto
608 688 662 730 de
701 689 784 731 hac
815 696 937 745 parte
973 690 1129 746 operis.
1193 687 1424 745 Progredi-

74 764 168 791 mur
195 748 251 790 ad
291 762 367 801 ea,
408 761 518 801 quae
568 745 753 803 posthac
792 746 919 788 inde
965 762 990 788 a
1029 746 1183 789 libro
1227 745 1422 800 quinto

76 804 212 848 med.
254 811 306 847 et
344 811 504 846 sexto
544 810 810 858 sequuntur,
842 819 1042 859 quaeque
1082 803 1261 860 propius
1301 817 1423 859 per-

72 863 260 904 tinent
307 860 372 903 ad
419 876 598 904 rerum
649 861 904 904 civilium
951 860 1423 904 constitutionem

73 926 242 974 atque
271 918 431 975 ipsas
475 918 650 975 leges.
722 918 934 961 Videmur
973 925 1115 961 autem
1146 934 1234 961 non
1265 924 1424 960 temere

73 976 289 1018 affirmare
334 982 377 1018 et
414 974 704 1027 contendere,
758 976 801 1018 in
851 976 919 1018 his
961 991 1135 1031 quoque
1182 977 1426 1031 argumenti

73 1033 406 1090 explicationem
436 1033 480 1075 in
511 1033 761 1076 universum
793 1033 968 1089 quidem
1003 1032 1241 1090 procedere
1271 1033 1425 1075 rectis-

72 1091 195 1144 sime,
226 1090 356 1134 sicuti
381 1090 451 1131 vel
481 1105 534 1132 ex
562 1090 769 1133 librorum
801 1092 982 1133 istorum
1016 1107 1183 1133 summa
1212 1090 1298 1132 alia
1326 1090 1423 1132 loco

72 1163 99 1190 a
135 1147 262 1190 nobis
302 1148 528 1203 proposita
568 1163 777 1204 apparere
809 1149 1080 1191 arbitramur.
1141 1147 1320 1204 Quippe
1352 1163 1422 1190 ve·

74 1205 239 1248 tissime
267 1219 410 1246 sermo
440 1221 482 1260 p.
517 1206 612 1246 736.
643 1204 812 1247 orditur
842 1206 896 1248 ab
926 1205 996 1258 iis,
1027 1221 1138 1261 quae
1171 1212 1276 1247 sunt
1299 1206 1425 1260 quasi

73 1262 342 1319 generaliora
382 1262 688 1318 pertinentque
727 1262 782 1304 ad
813 1278 983 1305 omnem
1013 1262 1277 1318 reipublicae
1309 1278 1423 1304 Gom-

74 1319 348 1371 munitatem,
387 1326 518 1374 atque
558 1319 781 1375 paullatim
821 1322 979 1363 transit
1017 1319 1072 1362 ad
1104 1335 1179 1373 ea,
1220 1334 1332 1376 quae
1371 1319 1426 1361 ad

73 1375 266 1431 singulas
296 1376 411 1418 vitae
441 1376 681 1418 communis
705 1376 981 1420 conditiones
1012 1384 1054 1419 et
1084 1377 1322 1434 peculiaria
1350 1393 1424 1418 ne-

73 1433 194 1490 gotia
230 1433 501 1486 referuntur,
546 1447 684 1488 usque
725 1434 827 1476 dum
877 1434 1064 1490 denique
1114 1434 1266 1476 ultimo
1314 1434 1424 1476 libro

73 1490 394 1533 constituuntur
413 1490 619 1546 publicae¹
632 1491 784 1534 salutis
805 1491 1028 1546 custodes,
1048 1492 1205 1548 quibus
1231 1491 1275 1534 id
1295 1506 1424 1534 curae

74 1547 383 1601 demandatur,
429 1554 479 1589 ut
508 1556 744 1604 perpetuae
772 1549 962 1591 civitatis
1005 1549 1293 1592 incolumitati
1325 1562 1425 1606 pro-

73 1612 272 1660 spectum
304 1605 374 1646 sit.
435 1604 590 1660 Itaque
609 1605 709 1648 inde
732 1622 758 1647 a
778 1623 820 1663 p.
847 1608 940 1649 736.
969 1613 1070 1649 ante
1099 1607 1245 1649 omnia
1273 1606 1328 1648 de
1354 1622 1426 1648 ex—

73 1663 208 1704 ternis
229 1662 369 1716 iisque
401 1663 701 1705 communibus
723 1664 880 1706 civium
900 1664 1140 1707 rationibus
1170 1665 1424 1720 explicatur,

74 1719 224 1774 quales
272 1720 318 1760 in
362 1735 466 1761 vera
504 1720 680 1762 civitate
703 1721 975 1776 reperiantur
996 1722 1124 1779 plane
1147 1737 1326 1764 necesse
1347 1729 1425 1765 est.

76 1776 248 1819 Deinde
278 1783 436 1818 sexto
459 1776 615 1819 ⁴libro
646 1785 850 1820 creantur
883 1779 991 1820 varii
1020 1774 1316 1835 magistratus,
1348 1778 1425 1820 du—

74 1848 147 1875 ces
187 1835 427 1888 exercitus,
469 1834 722 1877 sacerdotes
762 1843 806 1876 et
837 1836 1022 1878 ministri
1084 1836 1230 1879 ublici.
1292 1837 1426 1878 Deni-

75 1905 160 1944 que
208 1891 531 1933 constituuntur
578 1892 767 1945 iudicia,
826 1908 963 1948 usque
1017 1853 1081 1935 adJ
1130 1910 1173 1950 p.
1226 1895 1320 1936 772.
1367 1894 1425 1936 in.

77 1946 254 2002 Quippe
295 1947 413 2002 leges
455 1948 714 2003 priusquam»
738 1950 957 2003 ferantur,
998 1958 1098 1993 ante
1129 1952 1274 1992 omnia
1303 1967 1425 2006 repe-

78 2005 243 2050 riantur
273 2017 450 2046 necesse
479 2010 562 2055 est,
593 2006 666 2059 qui
699 2020 846 2047 earum
873 2013 1081 2061 tanquam
1110 2007 1295 2050 ministri
1323 2008 1424 2061 sint,

75 2075 236 2114 easque
268 2061 349 2101 rite
389 2070 605 2104 tueantur.
663 2062 832 2104 Horum
862 2079 965 2106 vero
996 2071 1216 2120 potestate
1248 2064 1427 2108 definita

75 2117 245 2159 initium
287 2117 336 2158 fit
375 2117 566 2174 ipsarum
607 2118 754 2175 legum
798 2120 1223 2177 promulgandarum.
1294 2121 1428 2175 Quod

77 2175 300 2232 peragitur
337 2189 390 2216 eo
422 2175 510 2217 fere
542 2174 709 2228 ordine,
742 2177 816 2231 qui
848 2178 992 2220 verbis
1022 2178 1273 2222 clarissimis
1300 2180 1425 2222 Libr.

78 2231 130 2274 I.r
154 2247 196 2287 p.
235 2233 332 2275 631.
373 2231 429 2276 D.
479 2247 575 2288 sqq.
619 2233 890 2289 significatus
928 2235 1022 2277 suit.
1090 2234 1273 2292 Capitur
1312 2238 1427 2280 enim

78 2289 245 2331 initium
278 2288 332 2330 ab
362 2289 415 2331 iis
445 2290 591 2343 rebus,
624 2305 734 2344 quae
765 2290 820 2332 ad
851 2298 991 2334 ortum
1019 2293 1179 2336 civium
1210 2302 1426 2350 spectant,

78 2346 379 2399 matrimoniis,
412 2346 606 2399 dotibus,
638 2349 937 2402 procreatione
958 2350 1206 2404 liberorum,
1240 2351 1426 2407 denique

77 2403 157 2458 iis,
201 2418 314 2458 quae
343 2403 589 2446 referuntur
619 2404 676 2446 ad
706 2418 875 2448 omnem
904 2407 1036 2449 vitam
1067 2410 1316 2464 coniugum,
1349 2409 1426 2450 ad-

79 2460 224 2505 mixtis
254 2460 382 2502 etiam
411 2460 507 2503 aliis
535 2461 794 2516 quibusdam
826 2464 1134 2507 consimilibus.
1194 2466 1307 2507 Nam
1338 2482 1427 2508 ma-

78 2531 205 2568 gnam
242 2532 346 2560 sane
381 2518 504 2560 Plato
543 2518 854 2562 discessionem
883 2520 954 2564 hic
983 2522 1037 2565 ab
1068 2523 1120 2564 iis
1151 2523 1276 2575 fecit,
1317 2538 1427 2578 quae

81 2568 134 2615 de
165 2572 232 2616 his
253 2575 381 2617 rebus
400 2575 444 2616 in
474 2575 633 2618 Politia
654 2576 892 2631 constituit,
924 2578 1294 2634 quandoquidem,
1321 2581 1425 2622 suh-

78 2629 167 2672 lata
205 2645 379 2686 prorsus
419 2633 722 2675 communione
759 2634 994 2690 bonorum,
1033 2652 1216 2678 uxorum
1250 2643 1294 2679 et
1321 2637 1427 2680 libe-

82 2702 238 2732 rorum.
273 2688 456 2732 familiae
487 2697 744 2746 perpetuum
777 2691 889 2735 vitae
921 2694 1199 2746 consortium,
1233 2696 1427 2752 coniugi-
