1644 2886
315 99 388 138 174
783 101 1152 145 PLATONIS

308 215 526 266 μοθεσίας
566 212 591 264 ἡ
626 215 755 255 δικῶν
789 214 972 270 ἀκριβὴς
1007 218 1150 274 νόμων
1170 223 1292 270 θέσις
1320 220 1411 275 ἅμα
1430 226 1500 264 καὶ
1521 226 1628 266 διαί-

230 287 270 327 D
310 293 423 333 ρεσις
457 277 694 320 ὀρθότατα
729 281 911 334 Ja'yvon'
951 281 1008 326 ἂν
1043 287 1208 340 μακρῷ.
1241 285 1422 337 ταύταις
1454 292 1531 342 μὲν
1551 283 1630 331 οὖν

313 343 507 399 ειρήσθω
540 343 650 398 πρὸς
684 347 743 399 τῷ
776 349 883 390 τέλει
917 356 1155 405 περιμένειν
1188 350 1325 405 ἡμᾶς,
1375 358 1420 396 αἱ
1456 357 1500 396 δὲ
1534 359 1629 410 περὶ

312 410 392 458 τας
435 406 573 459 ἄλλας
613 409 754 465 ἀρχὰς
799 430 1085 467 καταστασεις
1118 417 1268 472 σχεδὸν
1316 417 1397 469 τὴν
1431 423 1631 473 πλείστην

311 474 511 531 ειλήφασι
556 481 841 531 νομοθεσίαν.
890 479 939 523 τὸ
986 486 1029 525 δὲ
1075 481 1178 526 ὅλον
1226 487 1296 527 καὶ
1329 484 1501 539 ἀκριβὲς
1536 504 1630 540 περι

311 539 409 590 ἑνός
452 557 497 583 τε
542 545 614 584 καὶ
662 542 840 587 πάντων
875 549 962 588 τῶν
996 548 1108 591 κατὰ
1145 549 1269 592 πόλιν
1303 554 1374 594 καὶ
1407 552 1631 604 πολιτικην

310 608 458 649 πᾶσαν
493 607 742 660 διοικήσεων
780 611 860 653 οὐκ
895 616 984 656 ἔστι
1019 619 1224 668 γενέσθαι
1261 623 1403 674 σαφὲς,
1441 621 1542 673 πρὶν
1576 617 1632 661 ἂν

309 672 335 724 ἡ
385 674 573 725 διέξοδος
619 674 702 717 ἀπ’
751 676 889 751 ἀρχῆς
934 697 986 722 τα
1037 698 1078 724 τε
1117 681 1293 735 δεύτερα
1329 701 1398 725 και
1435 683 1487 726 τὰ
1524 690 1631 739 μέσα

309 742 382 782 καὶ
415 756 562 782 παντα
595 747 702 796 μέρη
744 743 797 784 τα
842 748 999 797 ἑαυτῆς
1041 746 1335 801 ἀπολαβοῦσα
1371 749 1480 804 πρὸς
1514 754 1632 800 τέλος

309 805 542 864 ἀφίκηται.
588 809 667 849 νῦν
709 808 798 862 μὴν
844 818 889 853 ἐν
934 815 993 866 τῷ
1039 812 1228 868 παρόντι
1271 832 1391 869 μεχρι
1432 818 1510 867 τῆς
1545 820 1631 858 τῶν

248 874 287 915 Ε
314 869 539 927 ἀρχόντων
577 877 777 927 αἱρέσεως
819 885 1049 933 γενομένης
1092 878 1263 931 τελευτὴ
1305 884 1383 932 μὲν
1427 884 1514 923 τῶν
1560 887 1630 937 ἔμ-

314 941 516 993 προσθεν
549 938 662 991 αὕτη
699 943 878 993 γίγνοιτ’
921 942 977 986 ὀὲν
1013 945 1164 997 ἱκανή,
1211 945 1353 1000 νόμων
1392 949 1434 988 δὲ
1469 952 1631 997 τ’)-ἑσεως

312 1003 425 1060 ἀρχὴ
451 1007 524 1047 καὶ
548 1004 782 1060 ἀναβολῶν
808 1006 900 1064 ἅμα
930 1013 999 1052 καὶ
1038 1009 1175 1054 ὄκνων
1200 1011 1327 1054 οὐδὲν
1347 1016 1407 1055 ἔτι
1440 1016 1629 1068 δεομένη.

405 1129 424 1173 ἡ
463 1131 598 1164 δικων
643 1130 831 1178 ἀκριβὴς
869 1136 1011 1176 νόμων
1045 1138 1191 1181 θεσις]
1239 1140 1311 1171 Vat
1346 1150 1372 1172 r.
1403 1142 1529 1173 omittit
1560 1152 1631 1173 voc.

314 1175 438 1216 νόμων.
488 1179 537 1211 De
561 1179 701 1220 reliquis
726 1193 755 1213 v.
782 1188 914 1214 enarrat

404 1221 510 1264 πρὸς·
543 1223 662 1256 τέλος
695 1222 919 1270 αφίκηται]
962 1228 997 1259 V.

314 1278 420 1309 marg.
461 1266 498 1300 Ω.
531 1276 565 1301 et
596 1280 626 1301 a.

315 1311 493 1355 διοίκησιν.

1030 1227 1117 1269 πρὸς
1142 1227 1179 1259 τὸ
1206 1240 1230 1259 τ.
1283 1231 1465 1262 Articulum
1493 1242 1559 1263 om.
1588 1234 1631 1263 A.

685 1271 803 1305 Paul¹o
840 1279 918 1306 ante
956 1274 1070 1306 Astius
1103 1275 1270 1306 malebat:
1314 1275 1485 1317 πολιτικὴν
1525 1278 1634 1308 πᾶσαν

262 1467 266 1469 μ
314 1429 423 1456 terum
455 1427 648 1466 exemplum
689 1436 756 1458 non
791 1427 942 1460 memini—

313 1479 400 1502 mus.
453 1471 603 1502 Antius
641 1471 684 1503 de
730 1471 942 1514 Stephani

313 1515 507 1547 coniectura
545 1526 607 1557 pro
659 1515 762 1548 δικῶν
806 1518 943 1558 scripsit

1010 1433 1065 1461 tur
1095 1430 1227 1470 plenius
1268 1439 1345 1463 esse
1386 1431 1632 1473 expositurum3

1009 1484 1097 1515 quae
1126 1484 1207 1506 vero
1237 1474 1278 1507 de
1304 1477 1432 1518 ceteris*
1455 1478 1635 1518 magistra-

1009 1519 1099 1552 tibus
1152 1529 1339 1561 eorumque
1392 1523 1635 1554 constitutione

314 1557 504 1592 δικανικῶν.
555 1561 633 1595 Quo
667 1563 826 1594 restituto
852 1563 939 1595 idem

312 1605 497 1637 verborum
523 1605 607 1638 ordo
622 1611 687 1646 est,
713 1612 812 1648 atque
830 1607 934 1650 Legg.

312 1650 360 1682 II.
388 1661 419 1692 p.
435 1650 513 1685 657-
534 1651 587 1682 A:
614 1649 653 1684 τὰ
678 1649 737 1683 τὸν
749 1618 868 1684 ᾳπολὺν
885 1663 939 1685 σε-

313 1694 467 1736 σωσμένα
507 1694 633 1737 χρόνον
671 1698 761 1739 μέλη.
801 1699 867 1730 111.
907 1709 939 1741 p.

313 1741 391 1775 700.
408 1742 461 1776 A:
488 1738 548 1783 τὴν
572 1743 635 1774 τοῦ
657 1741 844 1785 ἐλευθέρου
869 1745 942 1775 λιαν

311 1785 465 1818 ἐπίδοσιν
488 1786 582 1827 βίὸυ.
620 1788 724 1843 Hipp.
760 1790 836 1822 mai.
861 1789 940 1824 300.

312 1831 358 1864 0:
401 1833 463 1871 τῆς
510 1833 576 1864 τῶν
614 1831 792 1875 παρόντων
829 1833 949 1876 λέξεως

314 1874 435 1919 λόγων.
475 1877 564 1910 Tim.
615 1890 646 1920 p.
684 1879 739 1913 39.
777 1881 822 1912 D.
861 1879 948 1921 πρὸς

314 1920 375 1964 τὴν
406 1923 467 1965 τῆς
509 1921 682 1956 διαιωνίας
714 1926 849 1967 μίμησιν
881 1924 946 1967 φύ-

316 1977 413 2000 σεως.
461 1969 553 2001 Ibid.
647 1969 703 2004 50.
740 1970 778 2002 B.
813 1972 945 2004 Pontic.

315 2024 348 2055 p.
382 2014 460 2049 277.
497 2014 539 2048 Β.
574 2013 757 2059 Euthyphr.
785 2028 817 2058 p.
845 2018 876 2051 4.
906 2017 943 2049 C.

315 2060 358 2091 al.
404 2059 511 2101 quue
551 2070 632 2093 sane
667 2064 721 2093 est
760 2063 945 2103 praestabi-

315 2106 401 2145 nus,
431 2111 534 2146 quam
566 2105 658 2146 qnod
689 2109 796 2139 euasit
826 2109 945 2140 Orei-

316 2149 401 2181 iius
432 2150 581 2190 νομικῶν
611 2158 672 2192 pro
698 2150 823 2191 νόμων.
875 2153 947 2186 Nisi

314 2194 406 2227 forte
431 2205 506 2228 cum
533 2194 611 2227 cod.
636 2205 662 2228 r.
682 2196 827 2230 Bekkeri
855 2197 946 2231 istud

314 2237 428 2279 νόμων
454 2241 554 2282 piane
580 2240 780 2275 eiiciendum
808 2247 872 2275 est.

357 2285 404 2317 D.
463 2283 641 2318 ταύταις
670 2286 744 2326 μὲν
776 2283 860 2320 οὖν
891 2288 945 2320 εἰ·

314 2328 466 2372 ρήσθω
510 2348 551 2355 -
587 2328 708 2374 ἡμᾶς]
750 2332 825 2365 has
866 2334 945 2376 igi-

314 2380 382 2408 tur
428 2376 659 2409 iubeamus
711 2378 761 2411 ad
809 2379 940 2412 finem

316 2430 452 2462 usque
483 2430 558 2453 nos
590 2423 807 2476 opperiri3
845 2424 939 2456 vide-

317 2467 397 2498 licet
429 2463 489 2508 τὴν
519 2465 620 2498 θέσιν
650 2465 717 2508 ἅμα
740 2470 795 2501 καὶ
820 2467 942 2511 διαί-οε

319 2521 372 2543 σιν
397 2512 462 2544 τῶν
486 2510 599 2543 δικῶν.
732 2537 734 2539 ,

362 2557 408 2589 αἱ
435 2555 481 2589 δὲ
511 2557 604 2599 περὶ
637 2555 710 2589 τὰς
733 2555 856 2590 ἄλλας
881 2555 944 2600 ἆρ-

317 2600 458 2644 χὰε-]
482 2604 576 2639 Quae
593 2602 636 2635 de
655 2602 789 2635 iudiciis
803 2604 946 2636 dicenda

319 2648 402 2683 sint,
429 2659 468 2680 ea
495 2648 679 2688 postmodo
704 2659 784 2682 sese
807 2650 945 2690 profite-

1009 1565 1168 1605 expiicari
1189 1567 1334 1606 possint‚·
1359 1565 1441 1598 haec
1459 1568 1522 1599 iam
1548 1577 1635 1600 nunc

1008 1610 1190 1642 arbitratur
1237 1612 1322 1642 satis
1372 1613 1509 1644 uberem
1551 1612 1633 1653 fere,

1008 1664 1096 1696 quae
1122 1654 1184 1686 huc
1209 1657 1397 1696 pertineat,
1433 1664 1531 1688 nacta
1556 1668 1634 1690 esse

1009 1700 1269 1742 explicationem
1302 1700 1344 1733 de
1371 1702 1514 1743 legibue.
1562 1703 1633 1735 Ve—

1008 1749 1184 1777 runtamen
1216 1746 1326 1778 omnia
1358 1750 1459 1787 atque
1491 1749 1633 1788 singula,

1008 1801 1094 1832 quae
1124 1790 1166 1822 ad
1187 1791 1358 1822 civitatem
1383 1795 1484 1832 atque
1503 1792 1632 1824 civilem

1011 1835 1336 1868 administrationem
1354 1837 1556 1877 pertineant,
1568 1846 1633 1869 non

1013 1882 1109 1923 priua
1135 1891 1239 1923 posse
1253 1883 1343 1913 clara
1365 1882 1435 1913 fieri
1452 1892 1492 1913 ac
1507 1883 1635 1925 perspi-

1012 1936 1200 1967 cua‚quam
1212 1927 1270 1958 ubi
1285 1926 1470 1967 disputatio
1485 1927 1526 1958 ab
1541 1928 1634 1960 initio

1012 1971 1177 2004 secundas
1202 1977 1237 2004 et
1260 1972 1390 2004 medias
1419 1976 1533 2013 partes
1557 1982 1635 2005 snas

1012 2018 1190 2058 complexa
1221 2016 1262 2048 ad
1294 2017 1391 2049 finem
1425 2027 1534 2058 usque
1557 2028 1634 2059 per-

1013 2063 1153 2095 venerit.
1212 2062 1308 2094 Nunc
1349 2062 1454 2102 igitur
1491 2063 1632 2104 primam

1013 2108 1109 2149 quasi
1152 2112 1282 2149 partem
1327 2107 1518 2140 absolutam
1559 2119 1635 2140 esse

1012 2155 1078 2192 ait,
1121 2162 1207 2194 quae
1235 2162 1340 2193 usqne
1375 2152 1416 2184 ad
1458 2154 1636 2195 magistra-

1013 2202 1108 2231 tuum
1134 2197 1336 2230 creationem
1364 2198 1552 2240 pertineat3
1578 2208 1632 2231 sn-

1011 2242 1219 2286 scipiendum
1245 2246 1356 2275 antem
1373 2253 1450 2275 esse
1475 2243 1635 2286 deinceps

1012 2290 1083 2322 sine
1108 2298 1204 2320 mora
1222 2291 1256 2319 et
1281 2289 1496 2321 cunctatione
1521 2290 1633 2330 legum

1012 2332 1266 2366 scribendarum
1292 2333 1495 2373 negotium„

1058 2379 1098 2412 P.
1126 2378 1204 2412 769.
1251 2377 1398 2410 Καλῶς
1423 2379 1570 2409 τοίνυν
1595 2398 1634 2402 -

1011 2422 1381 2465 διαπεπαισμένη]
1419 2423 1526 2455 Luaui
1552 2424 1635 2456 «cui-

979 2495 983 2501 .
1010 2470 1085 2502 dam
1119 2467 1381 2509 disputationem
1412 2468 1541 2500 hancce
1571 2469 1633 2500 iam

1010 2514 1220 2555 comparavit
1252 2523 1353 2555 supra
1386 2513 1410 2544 1.
1439 2524 1472 2555 p.
1493 2513 1569 2547 630.
1595 2513 1633 2545 C.

1011 2559 1070 2592 ΙΙΙ.
1099 2569 1131 2600 p.
1159 2558 1236 2593 685.
1264 2561 1303 2591 A.
1329 2562 1362 2591 et
1387 2558 1464 2593 688.
1491 2558 1529 2590 Β.
1581 2557 1634 2591 Nn

1013 2605 1135 2638 mirum
1167 2614 1268 2646 ergo,
1309 2603 1402 2643 quod
1432 2612 1521 2636 nuno
1550 2613 1633 2645 quo·

1013 2659 1079 2692 que
1104 2648 1224 2683 eadem
1251 2649 1352 2682 utitur
1375 2648 1530 2690 imagine.
