1644 2886
253 101 548 144 LXXXVIII
655 97 1133 141 PROLEGOMENA

250 212 427 266 aliquid,
468 210 599 266 quod,
638 209 763 251 sicuti
795 205 1340 249 structurae'insolentiam
1371 205 1582 261 quandam

250 267 488 323 pepererit,
530 267 590 306 ita
628 265 754 306 etiam
795 266 952 304 maiore
983 261 1113 303 animi
1142 262 1377 304 attentione
1409 260 1584 316 dignum
1615 270 1644 298 *1

249 323 458 364 videatur.
529 320 596 361 Ex
637 320 794 374 quibus
836 317 1034 359 omnibus
1065 324 1260 372 apertum
1291 317 1385 371 erit,
1417 321 1583 372 opinor,

249 380 357 420 scite
395 391 496 419 sane
536 391 585 416 ac
616 381 796 417 venuste
827 373 1133 429 negligentiam
1163 373 1277 414 illam
1308 373 1584 428 compositio-

249 435 315 476 nis
346 431 620 488 periodorum
652 446 748 473 cum
790 429 995 471 mediocri
1034 430 1192 484 pariter
1230 435 1357 483 atque
1389 430 1584 484 graviore

249 497 292 530 et
320 488 566 530 sublimiore
593 486 763 529 dicendi
803 500 960 542 genere
990 484 1034 525 in
1062 484 1129 526 his
1161 485 1280 526 libris
1311 486 1584 526 coniunctam

249 559 366 596 esse,
416 549 465 584 ut
500 542 618 584 nullo
657 543 747 584 iure
786 555 1069 596 quaecunque
1109 540 1162 581 ad
1203 555 1294 581 eam
1342 541 1586 581 referuntur
1642 564 1644 566 -

249 616 270 640 a
302 599 464 641 criticis
501 600 589 640 sint
628 599 882 654 vituperata.
946 597 1038 638 Nec
1079 611 1179 637 vero
1219 595 1372 637 iisdem
1410 596 1493 638 illis
1524 596 1583 637 sie

248 655 502 710 simpliciter
540 654 592 696 de
623 669 673 695 eo
703 653 1011 708 suffragamur,
1044 652 1160 706 quod
1189 652 1233 693 in
1263 652 1479 694 rhetorica
1507 667 1584 706 po-

247 712 460 754 tissimum
509 710 719 752 orationis
778 707 1117 751 conformatione
1166 708 1387 763 complura
1445 708 1585 750 inesse

247 772 524 818 censuerunt,
558 780 666 819 quae
693 779 865 822 gravem
895 770 1140 805 mereantur
1169 770 1314 805 notam
1334 763 1584 805 censoriam.

248 824 317 864 De
362 823 516 878 quibus
557 821 727 876 quidem
772 821 899 862 rebus
947 819 1027 861 Ed.
1081 820 1336 861 Zellerus
1391 819 1585 874 disputat

248 878 440 921 Studior.
479 878 677 919 Platonn.
720 892 762 931 p.
804 879 855 917 74
895 890 959 930 sq.
1001 880 1044 916 et
1083 877 1149 916 78.
1180 884 1272 930 sq'q.
1330 875 1442 918 Sunt
1485 891 1584 917 vero

248 935 330 976 tria
358 934 643 990 potissimum,
675 947 785 987 quae
821 931 892 972 ille
926 931 1126 985 scriptori
1155 933 1283 973 vertit
1313 931 1431 973 vitio.
1492 931 1584 972 Pri-

246 1006 359 1032 mum
399 990 510 1031 enim
549 990 609 1030 ait
648 988 780 1032 multa
817 1002 948 1042 supra
976 986 1147 1028 modum
1180 987 1328 1042 augeri
1372 987 1583 1042 nimisque
1642 1030 1644 1036 ,

246 1046 332 1088 dici
364 1045 642 1101 generaliter3
674 1043 790 1099 quod
820 1049 989 1085 constat
1017 1043 1195 1084 tumoris
1225 1058 1318 1084 esse
1349 1044 1582 1098 proprium.

246 1102 417 1143 Deinde
439 1100 716 1155 reprehendit
739 1099 913 1140 nimiam
937 1098 1141 1139 orationis
1164 1099 1584 1148 verbositatemstan·

247 1173 374 1212 quam
407 1158 576 1198 inanem
604 1155 916 1212 garrulitatem,
948 1169 1034 1208 qua
1063 1155 1304 1196 sententiae
1328 1160 1486 1196 temere
1508 1170 1587 1209 per

246 1213 465 1268 longiores
489 1213 715 1254 verborum
740 1211 941 1265 ambages
961 1209 1197 1261 ducantur&
1228 1211 1272 1252 in
1307 1225 1392 1264 quo
1411 1211 1461 1251 fri
1497 1212 1583 1252 oris

246 1269 396 1311 vitium
426 1270 609 1310 maxime
639 1268 756 1309 cerni
780 1269 994 1308 novimus.
1050 1265 1275 1308 Postremo
1308 1266 1435 1308 etiam
1467 1226 1584 1307 gele-

246 1331 360 1366 ctum
384 1324 636 1379 imaginum,
657 1322 1041 1377 comparationum,
1061 1322 1352 1376 exemplorum
1385 1322 1583 1377 denique,

246 1396 394 1436 parum
426 1386 575 1435 aptum
608 1394 701 1421 esse
722 1379 968 1431 arbitratur,
1001 1376 1119 1430 quod
1150 1384 1214 1419 est
1236 1378 1445 1419 sermonis
1476 1378 1585 1419 male

246 1436 434 1478 affectati
470 1435 538 1477 vel
578 1442 689 1476 etam
728 1434 905 1475 inficeti.
976 1432 1146 1485 Quibus
1184 1433 1355 1487 quidem
1387 1434 1584 1475 crimina-

246 1492 438 1534 tionibus
467 1492 572 1533 licet
603 1506 689 1532 non
719 1490 841 1532 inviti
871 1489 1103 1545 largiamur
1131 1489 1325 1530 nonnihil
1364 1490 1452 1530 veri
1483 1490 1583 1531 sub—

247 1563 356 1601 esse,
389 1547 506 1601 quod
537 1547 661 1601 quale
693 1548 765 1599 sit,
799 1544 1030 1600 postmodo
1063 1545 1331 1597 ostendetur,
1361 1551 1501 1586 tamen
1533 1560 1584 1587 ea

247 1605 358 1658 ipsa,
389 1618 499 1658 quae
530 1602 584 1643 ad
616 1601 952 1645 confirmandam
982 1601 1148 1641 illarum
1169 1602 1389 1642 veritatem
1422 1602 1466 1642 in
1497 1616 1584 1642 me·
1642 1633 1644 1637 .

247 1660 364 1701 dium
396 1659 526 1700 allata
556 1665 681 1712 sunt,
703 1658 948 1711 neutiquam
978 1656 1186 1698 eiusmodi
1219 1671 1314 1698 esse
1344 1671 1582 1710 censemus,

247 1721 296 1756 ut
334 1729 495 1756 naevos
534 1715 642 1756 istos
691 1714 736 1754 in
776 1713 1000 1754 Platonico
1038 1727 1165 1767 opere
1221 1727 1369 1753 revera
1408 1713 1582 1754 haerere

247 1771 473 1826 perspicue
516 1769 794 1825 intelligatur.
875 1768 1050 1809 Habent
1090 1768 1203 1808 enim
1243 1768 1384 1809 omnia
1422 1768 1490 1809 vel
1530 1783 1582 1809 ex

247 1827 414 1882 vulgari
455 1825 662 1879 loquendi
700 1823 1034 1876 consuetudine,
1078 1824 1206 1864 etiam
1235 1824 1330 1864 aliis
1361 1824 1582 1878 scriptori-

246 1883 328 1924 bus
366 1882 605 1933 communi,
647 1882 714 1922 vel
755 1895 807 1922 ex
849 1894 1005 1935 genere
1046 1877 1243 1932 dicendi,
1287 1879 1403 1933 quod
1443 1879 1580 1920 bisin

246 1938 366 1980 libris
408 1937 675 1989 dominatur,
715 1935 916 1990 quodque
959 1936 1002 1976 in
1045 1935 1338 1990 superioribus
1383 1936 1580 1977 universe

246 1993 621 2047 adumbravimus,
672 2007 759 2034 non
800 1991 927 2033 modo
967 1991 1286 2032 excusationem
1332 1990 1408 2032 sed
1455 1991 1580 2031 etiam

246 2050 573 2105 explicationem
613 2049 720 2090 satis
760 2047 984 2098 idoneam,
1026 2054 1075 2087 ut
1103 2062 1188 2087 non
1220 2047 1297 2099 sit,
1329 2061 1405 2087 cur
1435 2060 1580 2088 eorum

246 2106 409 2146 fontem
449 2106 494 2146 in
537 2104 762 2147 scribentis
798 2103 970 2144 inscitia
1007 2109 1083 2144 aut
1111 2102 1264 2143 inertia
1291 2101 1580 2155 quaerendum

247 2162 551 2202 existimemus.
620 2160 709 2203 Sed
749 2159 1004 2200 accedamus
1044 2157 1098 2199 ad
1139 2157 1359 2199 lustranda
1394 2157 1579 2214 singula,

248 2232 334 2270 quo
377 2217 538 2272 certius
576 2215 886 2271 perspiciatur,
929 2214 1185 2269 quibusnam
1224 2213 1467 2254 rationibus
1505 2229 1580 2255 no·

248 2279 338 2314 stra
367 2272 568 2313 fulciatur
596 2271 820 2313 sententia.

362 2328 570 2369 Dicamus
610 2328 742 2383 igitur
781 2327 962 2382 primum
1000 2325 1052 2367 de
1083 2325 1387 2381 hyperbolicae
1422 2326 1579 2367 oratio-

249 2385 313 2425 nis
354 2383 584 2438 exempliS,
630 2398 742 2438 quae
782 2382 1034 2423 Zellerus
1065 2381 1222 2423 attulit.
1282 2381 1348 2422 Ea
1380 2396 1482 2421 vero
1513 2396 1580 2422 ar-

248 2440 455 2480 bitramur
489 2439 630 2480 omnia
670 2440 756 2479 fere
801 2453 894 2480 esse
934 2437 1169 2490 eiusmodi,
1210 2445 1258 2478 ut
1295 2437 1339 2477 in
1383 2436 1436 2478 iis
1475 2436 1579 2478 nihil

247 2494 634 2548 animadvertatur,
667 2493 805 2548 quod,
846 2509 890 2535 re
922 2493 1171 2548 diligentius
1202 2493 1462 2545 examinata,
1494 2507 1579 2534 me-

247 2551 328 2591 rito
369 2551 572 2593 vitiosum
623 2565 812 2592 censeas.
884 2549 1049 2592 Etenim
1090 2549 1160 2590 illa
1199 2548 1316 2590 Libr.
1349 2548 1382 2589 I.
1414 2564 1454 2603 p.
1486 2550 1578 2589 636.

251 2607 300 2646 B.
340 2606 448 2648 ἀλλὰ
490 2612 560 2648 καὶ
606 2611 780 2660 θηρίων
824 2609 980 2663 amplia
1020 2605 1218 2647 usitatam
1260 2619 1361 2646 sane
1392 2604 1579 2645 referunt
