1644 2886
257 91 349 135 XX
680 88 1151 134 PROLEGOMENA

261 203 375 245 Dum
414 217 515 245 vero
556 203 661 244 haec
704 203 764 242 ita
814 209 1067 245 enarrantur
1107 207 1236 255 atque
1285 200 1587 254 diiudicantur,

259 274 396 301 sermo
442 266 643 312 tanquam
690 272 766 312 per
822 257 1090 299 occasionem
1131 256 1319 299 defertur
1367 258 1494 299 etiam
1535 257 1589 299 ad

258 315 427 357 tertiam
454 316 670 366 virtutem,
709 313 789 354 hoc
821 319 906 365 est,
947 313 1000 354 ad
1029 312 1381 368 prudentiam
1410 314 1477 355 vel
1507 327 1585 355 sa-

259 371 554 425 pientiam,
598 368 652 409 de
695 384 779 423 qua
817 368 916 410 inde
956 383 980 410 a
1010 385 1050 425 p.
1090 370 1184 410 687.
1216 369 1268 411 Ε.
1299 384 1433 423 usque
1463 369 1518 410 ad
1548 385 1588 424 p.

261 428 354 468 693.
387 426 436 467 C.
474 426 534 466 ita
565 424 835 480 disputatur,
876 434 924 466 ut
960 425 1002 466 in
1042 424 1181 480 legum
1222 425 1487 466 ferendarum
1518 440 1589 466 ne-

262 483 382 537 gotio
423 481 497 522 illa
537 481 641 521 nihil
680 481 854 537 gravius
885 495 977 523 esse
1013 480 1266 522 ostendatur
1297 487 1371 522 aut
1399 487 1589 535 praesta-

262 537 412 590 bilius,
456 537 616 592 qnippe
647 551 756 590 quae
785 551 869 578 una
901 536 1077 590 doceat,
1110 535 1213 590 quid
1241 536 1506 592 potissimum
1535 537 1590 578 ad
1639 570 1644 572 .

261 592 668 649 rerumpublicarum
709 592 887 634 salutem
940 599 981 634 et
1032 592 1277 634 felicitatem
1321 592 1590 634 conducibile

261 650 328 690 sit.
363 678 365 681 .
407 651 552 704 Atque
595 648 699 690 haec
739 663 910 703 quoque
950 655 1196 703 opportuno
1233 649 1328 690 loco
1377 648 1590 704 interponi

263 705 359 759 quis
389 711 454 746 est
485 705 586 758 quin
630 720 709 746 sua
736 712 889 759 sponte
920 703 1258 756 animadvertat?
1316 704 1430 746 Nam
1460 719 1590 758 quum

262 760 331 802 hic
369 759 423 801 de
461 761 771 817 gubernatione
811 767 854 802 et
881 760 1059 816 imperio
1090 760 1309 802 civitatum
1340 759 1588 811 disseratur,

262 816 456 871 profecto
499 816 678 858 infertur
728 815 1058 871 prudentissime
1098 816 1418 871 sapientiae
1457 815 1589 871 expli-

262 872 376 914 catio
406 877 448 914 et
478 871 791 914 commendatio
822 878 1064 928 propterea,
1097 871 1214 926 quod
1246 871 1353 912 haec
1381 872 1478 925 ipsa
1506 871 1589 912 vir-

262 935 332 970 tus
371 929 551 969 maxime
589 928 886 983 imperantium
938 935 1065 981 atque
1104 929 1246 984 legum
1285 927 1458 982 propria
1496 941 1590 969 esse

263 990 483 1038 censetur,
525 984 679 1039 quibus
729 985 892 1040 regitur
932 983 1187 1038 respublica.
1257 982 1472 1035 Quocirca
1521 982 1589 1024 hic

262 1040 475 1082 simillima
514 1046 579 1082 est
615 1040 723 1081 ratio
764 1047 894 1094 atque
932 1040 975 1080 in
1012 1039 1180 1081 duobus
1208 1039 1327 1081 libris
1365 1039 1590 1094 prioribus.

263 1095 632 1149 Quemadmodum
661 1096 771 1138 enim
801 1098 844 1137 in
877 1095 943 1136 his
975 1109 1071 1136 cum
1090 1110 1271 1137 censura
1299 1094 1591 1136 institutorum

234 1151 530 1206 'quorundam
571 1152 877 1207 Spartanorum
916 1151 983 1192 vel
1023 1150 1290 1192 Creticorum
1331 1156 1374 1191 et
1420 1145 1589 1192 Attico-

263 1224 355 1250 rum
392 1208 498 1250 scite
537 1208 766 1250 coniuncta
804 1213 871 1249 est
900 1206 1135 1262 disputatio
1167 1206 1219 1248 de
1249 1205 1591 1247 fortitudine

264 1279 314 1306 ac
343 1265 732 1319 temperantia,
765 1265 826 1305 ita
855 1264 899 1304 in
928 1263 1056 1305 tertio
1085 1263 1194 1304 libro
1225 1276 1320 1303 cum
1349 1261 1509 1303 iudicio
1538 1261 1591 1302 de

264 1320 402 1373 mitio,
434 1319 563 1373 statu,
593 1320 799 1375 regimine
829 1326 872 1360 et
902 1319 1073 1360 fortuna
1091 1317 1458 1360 celeberrimarum
1487 1317 1590 1358 civi-

265 1383 402 1417 tatum
443 1383 644 1430 tanquam
684 1390 760 1431 per
800 1375 1069 1417 occasionem
1116 1373 1389 1416 consociatur
1443 1372 1590 1414 adum-

266 1432 404 1474 bratio
444 1438 485 1472 et
523 1431 754 1487 descriptio
795 1431 1144 1486 sapientiae,
1187 1444 1295 1484 quae
1334 1428 1590 1483 reliquarum

265 1488 470 1529 virtutum
511 1488 632 1541 quasi
675 1488 824 1543 regina
852 1486 1059 1542 quaedam
1090 1500 1184 1528 esse
1215 1485 1441 1526 iudicatur.
1499 1485 1590 1526 Iam

267 1559 366 1586 vero
405 1543 472 1586 his
511 1543 636 1585 inde
675 1558 700 1584 a
739 1543 878 1585 Libr.
927 1542 1012 1584 ΙΙΙ.
1051 1558 1091 1597 p.
1145 1543 1238 1583 693.
1277 1541 1333 1582 D.
1374 1539 1592 1582 adduntur

266 1600 391 1641 etiam
433 1600 638 1641 nonnulla
677 1599 730 1641 de
769 1599 972 1641 felicitate
1015 1612 1065 1640 ac
1103 1598 1239 1639 salute
1279 1597 1498 1638 civitatum
1546 1596 1590 1638 in

267 1656 560 1709 libertate,
592 1654 891 1711 concordia
921 1661 965 1696 et
994 1653 1272 1710 sapientia
1300 1653 1457 1708 posita,
1482 1666 1591 1706 quae

265 1712 407 1753 omnia
446 1711 570 1753 unice
610 1726 662 1753 ex
699 1711 930 1753 virtutibus
966 1710 1049 1752 illis
1090 1710 1135 1750 in
1174 1723 1304 1750 unum
1353 1708 1592 1750 coniunctis

266 1768 389 1822 quasi
419 1767 702 1809 efflorescant.
763 1766 979 1820 Quocirca
1007 1765 1076 1807 hic
1104 1777 1307 1819 tanquam
1336 1764 1381 1805 in
1410 1764 1592 1806 transitu

267 1823 393 1865 etiam
436 1823 488 1865 de
525 1824 576 1866 iis
616 1823 913 1876 admonemur,
954 1836 1062 1877 quae
1091 1821 1135 1862 in
1164 1821 1334 1862 civitate
1364 1820 1591 1862 virtutibus

267 1879 349 1921 illis
389 1886 539 1922 ornata
575 1887 623 1921 ut
663 1879 1032 1935 praestantissima
1068 1877 1181 1918 bona
1209 1877 1412 1917 oriantur.
1470 1875 1592 1930 Haec

266 1935 400 1992 igitur
439 1950 576 1990 usque
606 1935 662 1977 ad
690 1935 850 1976 exitum
880 1934 977 1976 libri
1005 1933 1144 1985 tertii,
1177 1931 1251 1986 qui
1279 1931 1360 1974 etsi
1390 1931 1592 1973 nonnulla

266 1991 414 2044 habet,
449 1992 494 2033 in
525 1990 679 2047 quibus
708 1991 830 2033 facile
861 1989 1076 2043 offendas,
1107 1994 1249 2029 tamen
1278 2002 1373 2029 cum
1402 1986 1591 2029 universi

268 2047 408 2103 operis
439 2062 644 2103 compage
675 2048 846 2089 omnino
874 2045 1037 2088 censeri
1069 2044 1197 2086 debet
1216 2042 1468 2085 coniunctus
1498 2057 1591 2084 esse

268 2103 372 2144 satis
402 2109 515 2157 apte.
576 2102 811 2144 Acceditur
839 2117 939 2144 vero
971 2101 1139 2153 dehinc,
1170 2099 1210 2140 h.
1241 2113 1300 2151 e.,
1331 2099 1392 2139 ab
1422 2098 1590 2140 initio

268 2158 415 2200 Libr.
459 2159 533 2199 lV.
578 2174 619 2213 p.
658 2161 750 2202 704.
792 2159 843 2200 A.
888 2160 1066 2203 -,712.
1110 2159 1161 2196 A.
1202 2153 1256 2195 ad
1289 2153 1590 2196 describendas

269 2220 527 2256 externas
566 2229 736 2256 rerum
772 2213 1154 2263 conditiones,
1196 2210 1350 2263 quibus
1390 2226 1502 2252 nova
1530 2211 1589 2252 ci-

269 2271 377 2312 vitas
405 2285 536 2311 usura
573 2271 652 2320 sit3
694 2285 778 2324 quo
816 2270 911 2311 loco
955 2267 1080 2311 simul
1117 2266 1217 2307 data
1242 2266 1466 2308 occasione
1495 2267 1590 2322 plu-

268 2327 375 2368 rima
392 2326 713 2367 ‘interseruntur
733 2325 868 2368 civilis
896 2324 1145 2381 prudentiae
1178 2329 1419 2377 praecepta.
1461 2320 1590 2374 Quod

270 2382 441 2437 quidem
490 2382 802 2437 elegantissime
841 2382 903 2422 ita
951 2394 1042 2422 esse
1091 2378 1328 2419 institutum
1379 2378 1590 2432 planeque

270 2454 348 2480 suo
391 2438 510 2489 loco,
553 2453 702 2490 nemo,
744 2438 920 2493 opinor,
961 2436 1041 2478 erit
1079 2433 1151 2488 qui
1182 2440 1339 2474 temere
1365 2433 1589 2474 inficietur.

271 2495 380 2536 Tum
409 2509 510 2535 vero
537 2509 577 2549 p.
608 2495 701 2536 712.
734 2495 787 2535 A.
821 2507 989 2547 usque
1018 2490 1079 2531 ad
1113 2490 1257 2531 hibr.
1298 2489 1351 2532 V.
1394 2505 1435 2544 p.
1479 2490 1588 2530 734.

270 2550 322 2590 E.
364 2549 423 2590 de
464 2550 637 2606 legum
678 2548 979 2604 prooemiis
1019 2545 1268 2601 explicatur.
1337 2544 1465 2597 Quod
1496 2544 1589 2597 qui-

272 2606 364 2646 dem
396 2606 469 2647 ubi
500 2606 741 2661 suscipitur,
773 2605 971 2646 continuo
1001 2603 1126 2644 etiam
1162 2600 1387 2643 iustitia
1415 2600 1589 2641 infor-
