1644 2886
214 576 253 616 15>

292 117 369 179 144
778 111 1141 155 PLATONIS

287 229 427 281 πάσης
465 229 540 279 τῆς
571 226 714 282 χώρας
748 231 941 283 έμπειροι
974 244 1028 269 τε
1039 245 1109 269 και
1134 226 1413 278 ἐπιστήμονες
1433 229 1610 280 Ja'vav-
1637 211 1644 255 ''-

288 313 359 337 ται
396 294 569 342 πάντες.
603 294 681 335 δύο
715 291 752 333 ὅ
794 296 867 344 ἔτη
903 294 983 345 τὴν
1015 293 1157 349 αρχὴν
1189 310 1261 335 και
1295 292 1375 344 τὴν
1406 290 1610 350 φρουρὰν

284 363 515 414 γε’)νεσθαι
550 366 780 414 φυυυροῖς
829 375 869 402 τε
913 362 982 401 καὶ
1030 357 1250 414 ἄρχουσα
1299 357 1416 407 ὅπως
1458 357 1498 400 δ’
1550 355 1608 399 ἂν

285 426 333 469 τὸ
362 427 542 491 ’πρῶτον
578 424 738 480 λάχωσι
774 428 827 466 τά
864 432 982 480 μέρη,
1018 442 1122 474 τους
1157 427 1235 476 τῆς
1265 425 1410 479 χώρας
1447 424 1609 473 τόπους

285 490 662 546 μεταλλάττοντας
703 489 771 532 ἀεὶ
822 493 908 533 τῶν
942 492 1037 543 ἑξῆς
1073 490 1215 535 τόπων
1259 490 1439 533 ἑκάστου
1473 489 1609 545 μηνὸς

286 557 491 613 ἡγεῖσθαι
529 556 634 606 τοὺς
665 559 970 614 (Ῑρουραρχους
1016 560 1082 599 ἐπὶ
1118 555 1230 608 δεξιοὶ
1268 558 1427 609 κύκλῳ·
1478 554 1525 599 τὸ
1563 557 1602 598 δ’

284 629 352 667 ἐπὶ
388 621 502 675 δεξιὰ
539 626 755 677 γιγνέσθω
792 622 841 666 τὸ
881 624 989 678 πρὸς
1026 628 1091 665 ἕω.
1129 622 1444 676 περιελθόντος
1463 625 1507 665 δὲ
1531 626 1608 664 τοῦ

285 693 487 734 ἐνιαυτοῦ
523 691 582 743 τῷ
620 691 798 744 δευτέρῳ
835 694 930 739 ἔτει,
967 694 1038 731 ἴνα
1075 688 1132 739 ὡς
1152 692 1342 731 πλεῖστοι
1363 691 1449 730 τῶν
1473 700 1607 746 φρου-

275 759 372 813 ρῶν
419 756 477 810 μὴ
525 754 663 810 μόνον
707 758 899 809 ἔμπειροι
936 758 1011 806 τῆς
1050 755 1196 810 χώρας
1230 758 1462 808 γίγνωνται
1495 754 1606 796 κατὰ

283 827 387 875 μίαν
419 821 539 876 ὥραν
575 824 653 863 τοῦ
689 824 912 870 ἐνιαυτοῦ,
948 820 1056 876 πρὸς
1091 824 1140 881 τῇ
1173 821 1294 877 χώρᾳ
1329 823 1372 862 δὲ
1407 818 1498 874 ἅμα
1535 824 1607 863 καὶ

285 891 360 941 τῆς
392 887 510 945 ὥρας
542 887 724 938 ἑκάστης
759 891 853 942 περὶ
891 893 1071 930 ἕκαστον
1095 888 1170 930 τον
1205 887 1343 929 τόπον
1379 884 1427 928 τὸ
1465 885 1608 939 γιγνό-

282 971 414 1010 μενον
449 953 504 1003 ὡς
539 956 730 996 πλεῖστοι
765 952 1109 1007 καταμάθωσιν,
1155 957 1195 995 οἱ
1238 953 1335 996 τότε
1373 951 1602 1005 ἡγούμενοι

285 1024 414 1063 πάλιν
448 1019 795 1078 ἀφηγείσθωσαν
829 1025 886 1069 εὶς
921 1020 1002 1062 τὸν
1037 1018 1258 1073 εὐώνυμον
1293 1017 1359 1061 ἀεὶ
1390 1018 1607 1075 μεταβαλ-

374 1149 411 1182 C.
457 1145 525 1179 αἐὶ
557 1151 633 1179 τῶν
663 1148 756 1189 ἑξῆς
780 1146 937 1188 τόπων]
965 1146 1027 1178 τὸν
1050 1146 1123 1186 ἑξῆς
1149 1146 1256 1178 τόπον
1283 1148 1317 1178 Α.
1343 1147 1389 1178 Ω.
1416 1148 1452 1179 Ξ.
1479 1151 1513 1178 et
1538 1146 1606 1177 fur-

284 1201 376 1227 tasse
399 1194 518 1234 reliqui
545 1193 688 1226 Bekker.
740 1194 885 1235 Recepit
912 1193 1107 1231 ssekkerus,
1139 1202 1239 1232 quem
1275 1192 1409 1234 sequuti
1433 1196 1511 1223 sunt
1534 1190 1630 1222 Tu-v

284 1242 434 1273 ricenses
484 1248 559 1270 cum
601 1238 812 1271 Schneidero
852 1243 885 1270 et
926 1238 1133 1270 Hermanno.
1191 1236 1261 1269 Sed
1293 1247 1322 1269 v.
1357 1246 1465 1269 enarr.
1520 1237 1606 1268 Dein
1627 1247 1640 1272 ν,

284 1353 385 1384 etiam
407 1351 438 1382 id
459 1350 585 1390 negotii
603 1348 792 1386 mandatur,
818 1354 854 1380 ut
880 1350 909 1380 in

282 1396 411 1429 caussis
425 1396 608 1428 levioribus
625 1405 663 1426 ac
681 1394 725 1426 de
742 1395 842 1427 rebus
856 1404 910 1425 ru-

282 1442 376 1474 sticis
393 1441 481 1481 apud
497 1441 645 1472 rusticos
664 1441 719 1472 ius
735 1440 908 1480 dicant(p.

283 1487 359 1522 761.
390 1486 434 1518 D.
468 1487 559 1527 sqq.)
596 1486 760 1526 quodque
788 1484 909 1516 iisdem

282 1531 460 1574 singularis
489 1530 653 1572 quaedam
693 1532 843 1562 iocorum
876 1534 910 1561 et

282 1577 457 1619 regionum
507 1577 560 1608 vel
607 1575 810 1608 tuendorum
857 1576 908 1607 vei

282 1621 570 1655 emendandorum
605 1626 710 1661 atque
743 1621 910 1652 instruen-

283 1668 403 1700 dorum
438 1676 519 1698 cura
545 1665 707 1698 defertur.
757 1665 909 1703 Quorum

281 1715 422 1746 alterum
455 1723 473 1743 a
499 1711 829 1752 quadragintaviris,
863 1712 909 1742 al-

282 1766 391 1791 terum
422 1768 441 1789 a
477 1755 673 1790 demarchis
701 1755 911 1788 Atheniensi-

281 1814 340 1837 um
364 1802 548 1844 repetitum
563 1801 667 1834 videri
681 1811 798 1842 posse,
823 1800 911 1832 idem

282 1851 340 1882 iiie
364 1848 549 1891 prudenter
573 1847 703 1879 monuit
716 1857 748 1888 p.
766 1845 822 1879 43.
852 1845 911 1878 Ni·

283 1895 403 1927 mirum
446 1893 546 1926 Plato
582 1903 624 1924 ex
659 1891 910 1924 Atheniensium

284 1940 411 1982 pariter
433 1942 535 1979 atque
553 1937 769 1969 Doriensium
795 1936 910 1978 impri-

283 1986 413 2027 misque
453 1983 698 2025 Spartanorum
747 1982 911 2013 institutis

281 2030 407 2072 delegit
437 2039 524 2070 quae
555 2027 598 2061 ad
631 2038 701 2060 rem
726 2037 820 2060 suam
847 2037 909 2069 pu-

281 2080 371 2109 taret
393 2075 470 2107 fore
485 2073 845 2106 accommodatissima
860 2077 909 2105 at-

281 2131 348 2162 que
369 2120 457 2153 adeo
482 2120 605 2158 muita,
637 2128 724 2159 quae
756 2118 846 2159 apud
871 2118 909 2149 ii-

281 2168 332 2198 los
356 2165 500 2197 vidisset
524 2164 618 2196 varie
642 2173 683 2195 ac
704 2163 839 2195 diverse
863 2163 911 2194 in-

281 2211 400 2243 stituta
426 2220 522 2249 esse,
553 2209 586 2240 in
610 2218 709 2240 uuum
736 2208 911 2240 coniunxit

282 2264 437 2297 novoque
469 2254 592 2293 modo,
624 2254 738 2295 prouti
763 2263 818 2286 res
841 2253 910 2286 fer-

281 2306 345 2340 ret,
370 2299 562 2333 adornanda
587 2298 759 2331 iudicavit.

264 2347 270 2354 ’
327 2344 442 2379 ὅπως·
481 2344 516 2380 ,δ’
553 2343 602 2376 ἂν
643 2342 688 2376 τὸ
739 2344 910 2384 πρῶτον

280 2390 512 2433 λάχωσι-]
539 2388 906 2424 Quemadmodum

281 2442 420 2470 autem
480 2435 662 2477 primum
710 2434 910 2475 regiones

258 2480 402 2516 'sorte
432 2480 708 2522 acceperint,
737 2479 800 2511 ita
832 2479 908 2510 eti-

281 2539 344 2561 am
375 2525 548 2559 easdem
581 2535 668 2557 cum
703 2524 910 2567 proximis

282 2572 524 2614 quibusque
581 2571 694 2602 locis
759 2569 908 2602 ordine

283 2619 489 2658 deinceps
529 2615 732 2656 singulis·
756 2615 907 2648 mensi-

285 2666 361 2696 bus
395 2663 687 2704 permutante,
719 2659 807 2692 dum
841 2669 906 2691 cu-

979 1347 1150 1380 stodiae
1176 1347 1390 1388 praefecti
1410 1357 1481 1378 eos
1507 1347 1603 1377 dex-

979 1398 1116 1424 teram
1145 1401 1293 1423 versus
1317 1392 1354 1423 in
1374 1392 1518 1423 orbem
1538 1391 1604 1422 du-

979 1444 1089 1470 cant.
1123 1436 1232 1469 Codd.
1267 1438 1398 1479 aiiquot
1432 1433 1494 1468 τόν
1532 1435 1605 1475 ἑξῆς

976 1482 1084 1515 τόπον
1109 1483 1269 1523 scriptum
1302 1481 1474 1519 exhibent,
1502 1481 1605 1520 idque

978 1528 1092 1570 nuperi
1118 1528 1269 1559 editores
1302 1528 1462 1558 librorum
1488 1526 1605 1558 Plato-

978 1574 1028 1605 nis
1060 1577 1242 1615 praeeunte
1277 1572 1473 1604 Bekkero
1511 1581 1603 1603 rece·

977 1623 1113 1660 perunt,
1164 1617 1236 1649 Nou
1269 1618 1351 1649 satis
1382 1621 1501 1655 cante,
1533 1618 1605 1658 opi-

978 1674 1050 1696 nor.
1097 1662 1182 1694 Nam
1209 1662 1423 1694 accusativus
1441 1661 1493 1693 iiic
1518 1672 1603 1715 quo—

979 1709 1082 1741 modo
1107 1707 1324 1749 explicandus
1350 1708 1407 1746 sit,
1433 1706 1490 1738 vix
1512 1703 1604 1747 quis·
1608 1722 1617 1726 ν»

978 1765 1078 1796 quani
1115 1752 1323 1784 indicaverit.
1370 1731 1481 1783 Recte
1506 1751 1602 1783 Ste-

980 1799 1137 1842 pilanus
1165 1800 1231 1828 τῶν
1253 1796 1266 1826 ἕ
1270 1797 1324 1836 ἕης
1348 1795 1479 1835 τόπων,
1510 1797 1601 1837 quod

979 1846 1079 1877 (tiam
1105 1844 1136 1874 iu
1160 1842 1258 1874 Voss.
1285 1852 1317 1873 x.
1346 1846 1379 1873 et
1404 1841 1604 1873 Florentinis

978 1893 1147 1922 servatum
1181 1887 1325 1919 videtur.
1374 1886 1458 1918 Nam
1483 1887 1603 1927 geniti

979 1946 1041 1967 vus
1064 1938 1144 1976 post
1165 1931 1406 1975 μεταλλάττειν
1432 1936 1526 1964 recte
1541 1942 1604 1973 po-

979 1981 1067 2013 nitur
1097 1979 1138 2011 ad
1171 1978 1408 2010 declarandum
1449 1975 1501 2019 id,
1541 1987 1604 2017 pro

978 2036 1046 2067 quo
1075 2025 1152 2066 quis
1181 2022 1271 2055 aliud
1306 2022 1385 2063 quid
1424 2028 1603 2062 permutat.

978 2082 1009 2103 v.
1033 2068 1259 2103 Matthiae
1272 2067 1333 2098 Gr.
1359 2066 1388 2107 ξ.
1412 2066 1489 2101 364.
1525 2067 1602 2099 Piu-

978 2117 1080 2148 raiem
1108 2119 1219 2146 autem
1251 2121 1422 2144 numerum
1448 2117 1541 2144 recte
1566 2123 1604 2144 se

978 2162 1124 2200 habere,
1157 2163 1391 2199 antegressum
1427 2157 1510 2193 τοὺς
1541 2160 1601 2198 τῆς

974 2206 1086 2247 χωρας
1110 2203 1242 2238 τόπους
1265 2203 1391 2243 arouit

1023 2253 1062 2284 D.
1108 2248 1152 2281 τὸ
1192 2246 1226 2279 δ’
1260 2247 1327 2278 ἐπὶ
1358 2245 1468 2280 δεξιὰ
1495 2259 1526 2288 γ.
1553 2245 1598 2278 τὰ

975 2295 1081 2340 πρός
1104 2307 1160 2326 εω.
1170 2293 1182 2334 ]
1214 2292 1318 2326 Quod
1344 2293 1507 2325 orientem
1535 2294 1602 2323 vuit

976 2353 1054 2374 esse
1091 2341 1263 2372 dexteram
1304 2337 1417 2370 mundi
1454 2342 1602 2379 partem,

975 2387 1063 2419 conf.
1078 2385 1231 2426 Epiuom.
1242 2382 1359 2423 p.987.
1371 2383 1412 2415 B.
1425 2385 1449 2414 Α
1461 2393 1476 2414 r
1486 2383 1494 2412 i
1504 2386 1601 2414 stot.

979 2433 1028 2465 De
1051 2431 1148 2463 coeio
1176 2430 1214 2461 ΙΙ.
1241 2429 1273 2462 2.
1329 2428 1440 2460 Etiam
1476 2427 1602 2467 Pytha·

976 2486 1090 2519 goram
1126 2475 1302 2506 dexteram
1330 2473 1442 2505 mundi
1469 2476 1600 2513 partem

975 2522 1104 2555 dixisse
1129 2520 1311 2558 orientem,
1345 2519 1600 2560 plerique'tra—

975 2567 1077 2602 dunt·
1109 2577 1137 2597 v.
1163 2564 1303 2597 Sturz.
1333 2563 1376 2596 ad
1402 2562 1600 2604 Enipedocl

975 2611 1110 2654 p.336.
1159 2610 1229 2642 Sed
1261 2609 1304 2641 de
1337 2608 1398 2641 hoc
1425 2617 1496 2640 rem
1523 2617 1601 2640 esse

976 2662 1252 2694 controversam,
1286 2654 1404 2685 docuit
1435 2652 1463 2684 ¹
1475 2652 1598 2684 obek-
