1644 2886
291 105 366 148 166
767 105 1137 160 PLATONIS
1187 126 1190 128 v

290 236 374 262 των
410 219 532 268 ἐντὸς
566 221 664 262 δέκα
698 219 882 275 ἡμερῶν,
919 218 943 270 ἢ
980 221 1264 276 ζημιούσθων
1299 227 1478 273 ἕκαστος
1506 227 1609 280 δρα-

218 285 260 327 D
288 287 372 345 χμῇ
407 287 485 336 τῆς
516 282 687 340 ἡμέρας,
722 290 842 341 μέχρι
876 302 954 339 περ
977 284 1035 329 ἂν
1057 296 1148 337 τοῖς
1170 291 1291 331 παισὶ
1311 288 1610 341 καταστήσωσι

289 352 366 394 τὸν
402 353 650 405 ἐπίτροπον.

387 418 524 458 Πᾶσα
562 419 605 458 δὲ
641 414 782 469 δήπου
819 416 941 466 πόλις
977 416 1136 467 ἄπολις
1170 416 1227 460 ἀν
1257 419 1464 497 γίγνοιτο,
1500 425 1546 462 ἐν
1584 414 1610 480 ’ἦ

289 481 543 535 δικαστηρια
580 500 638 535 μη
675 485 937 526 καθεστῶτα
974 483 1038 536 εἴη
1073 500 1183 527 κατα
1210 485 1397 541 τρόπον·
1433 485 1612 543 ἄφωνος

289 548 330 591 δ’
380 542 437 590 αὖ
482 548 683 600 δικαστὴς
726 549 830 603 ἡμῖν
877 566 948 592 και
995 550 1053 604 μὴ
1099 553 1226 593 πλείω
1263 553 1349 593 τῶν
1384 549 1612 595 αντιδίκων

289 621 335 658 ἐν
379 624 474 663 ταῖς
519 614 769 668 αιακυίσεσι
812 615 1141 673 φΰεῃόμενος,

295 742 333 777 Ω.
359 755 390 775 ν.
418 754 443 775 r.
469 754 518 783 a.3
543 742 585 774 de
610 755 677 785 qua
703 746 870 785 scriptura
897 755 929 776 v.
953 745 994 776 ad
1026 744 1196 777 Phaedon.

1189 616 1398 671 καθάπερ
1441 624 1485 660 ὲν
1518 626 1614 668 ταῖς

1223 756 1253 785 p.
1280 746 1334 779 61.
1363 746 1401 778 Ε.
1436 746 1553 789 Symp.
1579 757 1613 787 p.

290 790 366 824 210.
392 789 433 820 Ε.
460 794 494 820 et
518 789 845 823 220 D.101›e‹:k
875 791 928 822 ad.
957 789 1133 832 Phrynieh.
1161 801 1192 832 p.
1219 790 1272 824 14.
1299 791 1427 823 Buttm.
1445 790 1505 823 Gr.
1526 801 1613 824 max.

290 834 457 876 §.aaa

380 880 423 911 D.
470 878 588 919 μέχρι
630 890 703 920 περ
739 877 788 911 ἂν
821 884 909 912 τοῖς
944 881 1067 912 παισὶ
1097 878 1417 923 καταστήσωσι]
1454 882 1540 914 Post
1573 877 1614 914 ἂν

294 933 330 958 x.
359 933 392 957 et
417 935 466 966 pr.
498 922 535 956 Ω.
565 930 716 966 itemque.
740 937 769 957 a.
799 937 826 957 c.
854 937 884 957 o.
913 924 943 958 δ.
972 937 1002 957 x.
1030 925 1158 957 addunt
1192 929 1262 957 τοῖς
1286 926 1412 963 παισὶν,
1443 927 1533 967 quod
1558 937 1614 960 re-

294 1037 331 1069 in
356 1037 498 1078 patria
526 1042 917 1068 commorantes.—

293 1082 413 1124 μέχρι
441 1079 626 1121 ἀνεψιῶν
652 1081 830 1120 παίδων,
855 1091 919 1113 us-

294 1138 371 1169 que
404 1127 454 1159 ad
494 1127 795 1159 consobrinos.
849 1126 919 1158 No-

293 1173 423 1205 tissima
452 1173 533 1205 iuris
559 1172 723 1211 formula,
756 1183 819 1214 qua
851 1177 919 1204 tam

294 1219 450 1251 sobrinos
489 1227 588 1259 quam
637 1219 919 1250 consobrinorum

293 1265 377 1297 filios
404 1263 585 1305 significari
611 1274 714 1304 posse
731 1263 922 1296 docuerunt

295 1310 323 1342 P
338 1311 485 1342 iatuer.
512 1310 544 1339 in
563 1308 808 1350 Heidelberger
822 1308 919 1341 Jahr-

294 1354 431 1387 biicher.
471 1353 570 1388 18¹4.
612 1364 642 1385 ιι.
677 1353 731 1388 74.
766 1365 798 1396 p.
831 1354 921 1388 1179

294 1410 367 1442 sqq.
408 1399 654 1431 Schiimann.
704 1399 745 1431 ad
782 1400 919 1433 Isaeum

295 1457 326 1488 p.
351 1445 420 1479 455
443 1455 493 1486 sq.
527 1444 750 1477 Hermann.
777 1445 827 1477 De
850 1446 921 1476 iure

295 1492 472 1524 domestic.
510 1495 543 1521 et
577 1490 728 1521 familiar.
758 1501 813 1532 ap.
842 1490 920 1521 Pia-

295 1541 364 1569 ton.
395 1536 426 1567 in
451 1535 556 1577 Legg.
582 1545 613 1575 p.
638 1535 693 1568 26.

340 1627 384 1658 D.
424 1624 540 1657 Πᾶσα
564 1623 606 1655 δὲ
630 1622 771 1664 δήπου
797 1622 923 1655 πόλις

296 1672 362 1713 -—]
398 1671 485 1703 Vere
509 1670 678 1702 Aetius:
726 1670 920 1709 „Ceterum

298 1722 391 1750 totus
417 1715 468 1748 hic
502 1717 612 1747 iocus.
642 1715 769 1755 inquit,
802 1714 879 1746 inde
905 1725 921 1746 a

298 1762 425 1795 verbis:
467 1760 566 1792 Πᾶσα
605 1758 642 1791 δὲ
680 1757 793 1801 δήπου
830 1758 925 1792 πόλις

299 1827 341 1831 --
377 1807 416 1847 τῇ
453 1805 543 1846 δίκῃ,
583 1815 660 1837 cum
698 1806 924 1846 praegressis,

299 1854 353 1884 ubi
386 1853 428 1883 de
461 1853 717 1893 magistratuum
750 1851 926 1882 creatione

298 1898 496 1940 exponitur,
538 1906 602 1927 non
638 1897 722 1928 bene
754 1896 924 1928 cohaeret.

299 1945 439 1976 Sciiicet
463 1943 651 1974 obscurata
672 1941 925 1983 quodammodo

299 1993 351 2022 est
399 1989 564 2020 orationis
612 1988 820 2018 continuatio
870 1997 923 2022 eo.

297 2034 386 2076 quod
420 2034 567 2075 scriptor
597 2033 629 2064 in
661 2034 855 2064 universum
884 2032 926 2063 de.

298 2080 430 2112 iudiciis
461 2089 500 2110 ac
530 2076 700 2110 iudicibus
730 2079 819 2118 loqui
847 2077 924 2108 iuci-

299 2126 359 2166 pit.
408 2124 461 2155 Ita
495 2133 592 2160 vero,
622 2133 709 2163 quae
742 2126 925 2163 sequuntur

300 2170 511 2212 praegressis
568 2169 690 2200 subiici
739 2168 924 2199 debebant:

301 2216 500 2254 Denique
533 2213 680 2253 etiam,
711 2212 924 2253 quomodo

300 2259 485 2298 iudices,
534 2268 642 2300 quos
684 2268 758 2299 pro
797 2258 923 2299 magi-

301 2310 375 2337 str
394 2304 577 2336 atibus
617 2303 924 2345 quodammodo

301 2351 458 2384 habere
496 2360 740 2390 possumus,
781 2349 923 2381 creari

301 2398 569 2438 oporteat,
631 2394 923 2436 exponendum

302 2445 378 2475 est.
388 2443 410 2459 “
468 2440 565 2471 Haec
595 2441 698 2481 igitur
728 2450 822 2475 xero..
853 2439 925 2480 opi-

304 2496 379 2527 nor,
405 2486 453 2518 vir
467 2485 696 2517 doctissimus.
741 2484 929 2517 Addidisse

305 2537 415 2564 tamen
465 2530 610 2585 iuvabit,
663 2541 705 2563 ne
753 2530 927 2572 superiora

305 2576 458 2630 quidem:
498 2570 576 2607 Ἐαν
612 2573 650 2606 δέ
681 2585 728 2607 τις
759 2574 929 2618 δημοσίων

306 2640 350 2647 -
381 2619 442 2653 τὸν
477 2619 676 2663 ἐπίτροπον,
723 2621 803 2653 satis
849 2626 928 2661 apte

305 2678 383 2700 cum
408 2668 614 2709 antegressis
640 2677 715 2699 esse
738 2666 928 2698 coniuncta.

989 1036 1152 1069 Ceterum
1179 1035 1221 1068 de
1247 1038 1416 1069 sententia
1433 1037 1520 1068 conf.
1541 1019 1614 1069 Gri-

988 1087 1057 1113 ton.
1084 1093 1116 1124 p.
1141 1081 1196 1116 50.
1223 1082 1262 1115 B.

1033 1125 1076 1158 ἐν
1102 1130 1190 1158 ταῖς
1218 1123 1497 1168 ἄνακρισεσι]
1524 1127 1614 1159 Sui-

989 1172 1077 1204 das:
1123 1171 1246 1213 δίκης
1288 1169 1531 1214 ἀνάκρισις·
1571 1183 1615 1204 ου

989 1216 1099 1249 πάσας
1135 1218 1230 1249 δίκας
1262 1216 1459 1250 κελεύουσιν
1494 1218 1530 1249 οἱ
1556 1218 1614 1250 νό-

988 1275 1043 1303 μοι
1091 1260 1307 1305 εἰσάγεσθαι,
1353 1259 1424 1295 ἀλλ’
1467 1260 1548 1294 ὅταν
1596 1261 1615 1295 ὁ

989 1306 1129 1350 φεύγων
1169 1309 1320 1350 ἀντιλέγῃ
1354 1310 1407 1340 καὶ
1443 1307 1615 1350 παραγρά-

987 1365 1087 1396 φηται
1113 1353 1217 1394 λέγων
1255 1353 1442 1395 ειέαγωγὴν
1464 1352 1508 1395 μὴ
1532 1351 1616 1385 εἶναι

986 1397 1110 1440 αὐῖην,
1142 1409 1309 1440 προῒέρθν
1340 1398 1391 1430 ἐπὶ
1423 1397 1530 1454 ἵΟυΙΐῳ
1564 1410 1612 1441 γι·

986 1455 1074 1476 νεται
1106 1445 1228 1485 κρί,σις
1271 1441 1340 1485 ἥτις
1363 1443 1457 1485 δίκης
1480 1440 1614 1485 ἀνάκρι-

987 1498 1039 1521 σις
1054 1488 1189 1531 λέγεται.
1218 1489 1327 1520 Latini
1351 1493 1472 1521 vocant
1497 1499 1614 1521 caus-

987 1545 1059 1567 sae
1095 1535 1442 1574 coniectionem,
1474 1534 1517 1566 de
1549 1544 1615 1576 qua

991 1580 1156 1612 Asconius
1183 1580 1214 1612 in
1234 1580 1402 1611 Verrinam
1430 1583 1464 1611 et
1477 1579 1615 1612 Nonius.

990 1625 1111 1657 Fiebat
1144 1629 1255 1656 autem
1297 1626 1360 1656 ista
1393 1620 1567 1666 ἀνάκρισις
1596 1636 1615 1658 a

990 1671 1209 1712 magistratu,
1234 1671 1536 1711 continebaturque
1562 1681 1615 1710 eo,

989 1720 1046 1756 ut,
1081 1725 1302 1756 quaecunque
1332 1715 1374 1747 ad
1410 1715 1616 1757 probandam

991 1761 1256 1793 criminationem
1282 1761 1473 1792 necessaria
1490 1765 1617 1801 essent,

993 1805 1251 1846 exquirerentur
1275 1810 1377 1847 atque
1402 1806 1444 1837 iis
1465 1805 1616 1838 iudicum

993 1850 1177 1892 cognitioni
1210 1851 1304 1891 quasi
1347 1855 1617 1892 praepararetur.

993 1896 1094 1930 Quod
1129 1897 1156 1928 si
1187 1897 1338 1928 faciebat
1381 1897 1617 1936 magistratus,

993 1942 1168 1973 dicebatur
1191 1942 1245 1973 ine
1271 1937 1461 1982 ἀνακρίνειν
1486 1938 1545 1982 τὴν
1569 1939 1618 1972 δι’-

993 1998 1055 2028 κην
1092 1997 1118 2017 s.
1153 1987 1234 2018 τούς
1258 1983 1467 2024 ἃντιδι’κου5·;
1501 1988 1551 2018 sin
1576 1987 1616 2018 li—

993 2032 1138 2074 tigantes
1169 2032 1364 2072 faciebant,
1395 2033 1449 2064 isti
1482 2028 1618 2073 α’νακρί-

993 2077 1114 2108 νεσθαι
1130 2077 1195 2108 dici
1212 2078 1376 2109 sotebant.
1403 2087 1434 2108 v.
1462 2076 1617 2110 Schoe-

991 2132 1122 2155 mann.
1150 2127 1185 2154 et
1210 2122 1350 2154 Meier.
1376 2123 1431 2154 De
1449 2123 1529 2155 Lite
1542 2124 1617 2154 Att.

993 2179 1025 2209 p.
1039 2167 1115 2202 622.
1143 2168 1331 2200 Platner.
1362 2168 1519 2200 Proeess.
1548 2172 1616 2199 Att.

992 2213 1017 2246 l.
1052 2223 1086 2255 p.
1119 2213 1196 2247 131.
1236 2212 1491 2245 Scho‘mann.
1524 2214 1618 2245 Anti-

991 2259 1088 2300 quitt.
1116 2256 1302 2290 tun'Pubi.
1334 2257 1457 2290 Graec.
1483 2269 1514 2300 p.
1538 2257 1617 2293 279.

992 2308 1027 2336 et
1059 2303 1255 2335 Valesius
1281 2303 1324 2334 ad
1354 2303 1557 2345 Harpocrat.
1584 2314 1614 2345 p.

991 2348 1069 2383 268.
1095 2348 1147 2380 ed.
1174 2347 1268 2389 Lips.

1039 2391 1235 2435 καθάπερ
1283 2392 1325 2424 ἑν
1372 2397 1459 2425 ταῖς
1505 2393 1617 2426 διαι-

995 2439 1106 2480 taes]
1154 2438 1300 2470 Arhitria
1345 2439 1448 2478 dicit,
1487 2441 1617 2481 opinor,

994 2485 1201 2527 privatorum
1232 2483 1394 2520 iudicum,
1419 2493 1484 2516 non
1509 2484 1617 2525 pubii-

994 2538 1125 2562 corum.
1177 2529 1240 2560 Alii
1265 2529 1351 2561 enim
1377 2530 1474 2562 fuere
1486 2529 1617 2562 diaete-

993 2579 1049 2607 tae
1081 2574 1227 2616 publici,
1259 2574 1315 2606 aiii
1347 2575 1485 2615 privati,
1521 2573 1550 2606 h.
1587 2585 1616 2608 e.

992 2620 1109 2652 arbitri
1138 2619 1442 2661 compromissarii,
1479 2620 1521 2651 ab
1554 2621 1617 2652 iiti-

993 2665 1150 2707 gantibus
1181 2665 1224 2698 ad
1257 2673 1409 2698 caussam
1441 2675 1534 2697 suam
1570 2667 1616 2698 iu-
