1644 2886
242 97 322 140 DE
358 95 634 140 LEGIBUS
668 94 786 136 LIB.
822 92 927 134 Vll.
960 93 1006 134 P.
1043 93 1134 135 T99.
1167 90 1233 134 St.
1332 91 1412 132 293

170 218 264 260 ΑΘ.
339 214 513 259 Οὐκοῦν
533 215 676 271 τούτῳ
705 215 786 268 μὲν
802 211 970 270 χρόνον
995 209 1204 265 δώσομεν,
1226 208 1414 266 βέβαιώ-
1448 207 1487 249 Ε

62 301 198 341 σομεν
246 285 291 328 δὲ
338 283 438 327 τότε
492 281 630 334 αὐτό,
676 280 851 326 ὁπόταν
905 281 1182 339 σκεψώμεθα
1225 279 1409 328 ἱκανῶς·

64 359 138 396 ἵνα
174 354 219 396 δὲ
254 348 314 405 μὴ
353 349 432 403 τὴν
468 354 686 406 ἑπομένην
722 347 846 401 τάξιν
886 356 976 397 τοῖς
1011 346 1168 401 νόμοις
1201 353 1294 397 τοῖς
1329 347 1413 389 νῦν

62 420 168 474 ἡμῖν
229 420 421 475 παροῦσι
484 418 854 474 διαπεράνασθαι
908 415 1184 469 κωλυθῶμεν
1249 412 1412 470 μα’την,

63 489 193 543 ἰ’ωμεν
229 484 341 544 πρὸς
374 484 423 529 τὸ
462 489 583 536 τέλος
616 484 781 529 αὐτῶν.
817 483 933 539 ταῖχα
966 479 1054 537 γὰρ
1090 482 1205 538 ἴσως,
1230 487 1266 526 εὶ
1301 479 1413 532 θεὸς

61 559 234 604 ἐθέλοι,
269 551 354 596 κᾶν
392 552 417 604 ἡ
453 553 643 604 διέξοδος
676 551 793 604 αὕτη
836 549 919 604 ὅλη
954 552 1121 606 σχοῦσα
1157 553 1281 600 τέλος
1318 553 1414 594 ἱκα-

62 625 146 673 νῶς
181 620 240 664 ἂν
275 621 480 676 μηνύσειε
507 624 587 664 ’καὶ
626 620 674 664 τὸ
713 622 792 664 νῦν
827 615 1196 674 διαπορούμενον.

166 690 265 732 ΚΛ.
324 687 502 745 Ἀρισί,
540 683 571 730 ὦ
608 688 709 740 ξένε,
735 691 885 741 hyac,
916 688 987 729 καὶ
1026 687 1219 740 ποιῶμεν
1255 682 1411 736 οὕτως,

62 757 120 808 ὡς
155 757 343 812 εἴρηκας.

160 825 258 867 ΑΘ.
329 821 542 878 Λεδόχθω
575 824 655 876 μὲν
680 820 748 873 δή.
770 827 935 879 φαμέν,
960 818 1010 864 τὸ
1050 818 1226 863 ἄτοπον
1261 819 1412 868 τοῦτο,

61 893 225 947 νόμους
272 889 351 941 τὰς
397 890 516 945 ᾠδὰς
567 887 673 942 ἡμῖν
716 895 968 943 γεγονέναι,
1008 891 1080 931 καὶ
1117 885 1332 943 καθάπερ
1369 890 1411 930 οἱ

60 961 242 1002 παλαιοὶ
281 958 378 1002 τότε
417 961 512 1013 περὶ
550 960 834 1012 κιθαρῳδίαν
872 955 988 1000 οὕτω
1025 973 1128 1006 πως,
1161 953 1220 1005 ὡς
1255 958 1410 1004 ἔοικεν,

57 1026 322 1082 ὠνόμασαν,
360 1023 464 1076 ὥςτε
511 1024 600 1081 τάχ’
651 1022 711 1066 ἂν
747 1023 845 1068 οὐδ’
881 1030 1036 1068 ἐκεῖνοι
1072 1021 1335 1066 παντάπασί
1369 1020 1401 1077 γ’
1439 1031 1522 1073 800

58 1093 117 1137 ἂν
163 1093 413 1152 ἀφεστῶτες
457 1090 540 1148 εἷεν
577 1093 658 1135 τοῦ
687 1093 770 1135 νῦν
805 1094 1066 1146 λεγομένου,
1104 1089 1221 1134 καθ’
1262 1087 1409 1134 ὕπνον

60 1165 105 1206 δὲ
152 1160 249 1205 οἷόν
293 1160 380 1203 πού
422 1177 489 1211 ,τις
544 1158 569 1212 ἢ
617 1162 690 1202 καὶ
737 1158 860 1214 ὕπαρ
910 1160 1157 1216 ἐγρηγορώς
1203 1156 1410 1215 ὠνείρωξε

59 1227 383 1286 μαντευόμενος
437 1226 565 1271 αὐτό.
612 1225 662 1270 τὸ
709 1227 750 1270 δ’
801 1220 885 1271 οὖν
930 1226 1072 1282 δόγμα
1121 1230 1218 1282 περὶ
1265 1224 1408 1270 αὐτοῦ

62 1296 186 1342 τοῦτ’
227 1300 356 1339 ἔστω·
397 1293 518 1351 παρὰ
557 1296 609 1337 τά
651 1295 840 1350 δημόσια
875 1298 982 1348 μέλη
1023 1312 1067 1338 τε
1103 1299 1174 1338 καὶ
1212 1293 1307 1350 ἱερά
1336 1300 1408 1337 και

150 1450 194 1482 D.
246 1448 322 1492 τὴν
346 1449 497 1489 σκέψιν
530 1449 601 1491 τῆς
633 1449 833 1492 πορείας]
868 1450 926 1483 Sic
954 1451 996 1482 A.
1028 1446 1405 1481 52.f.*1.a.c.‹3.o.

61 1498 151 1530 Vett.
178 1498 276 1530 editt.
304 1495 364 1538 ιὴν
389 1506 440 1528 σκ.
470 1494 541 1538 τὴν
568 1506 600 1527 π.

58 1633 235 1666 randum
260 1634 360 1666 dare
385 1643 412 1665 s.
431 1634 696 1672 concedere,

58 1686 102 1711 ut
138 1681 250 1712 satis
287 1681 433 1722 possit
481 1682 695 1722 cognosci

57 1731 98 1758 et
122 1727 367 1768 explorari.
687 1769 694 1781 e

103 1771 202 1813 τάχα
233 1770 312 1814 γὰρ
355 1773 456 1804 ἴσως
492 1791 529 1795 —-
565 1770 642 1804 κᾶν
677 1786 695 1814 η

57 1817 259 1859 διέξοδος
283 1818 347 1860 -—]
385 1829 476 1850 nam
501 1818 695 1851 fortasse

59 1865 126 1896 vel
162 1866 258 1906 ipsa.
292 1865 402 1897 haec
432 1869 530 1896 tota.
569 1875 695 1907 expo-

56 1911 166 1942 sitio
213 1910 264 1942 ad
311 1911 447 1942 finem
485 1912 696 1952 perducta

55 1957 167 1989 satis
191 1957 415 1989 indicabit
438 1957 573 1989 etiam
597 1957 695 1998 hoc,

55 2003 105 2035 de
153 2013 238 2044 quo
288 2013 404 2035 nunc
454 2003 693 2035 dubitatur.

54 2049 142 2082 Post
178 2045 242 2080 κᾶν
275 2051 370 2090 quod
406 2049 532 2081 deinde
569 2051 695 2082 iterum

56 2092 99 2127 ἂν
137 2097 395 2137 interponitur,
434 2096 474 2127 fit
512 2097 580 2128 boc
622 2107 694 2128 non

55 2143 175 2182 aliter,
201 2152 304 2184 quam
335 2142 446 2175 sicubi
473 2148 552 2183 post
578 2139 641 2174 κᾶν
665 2141 700 2174 εἰ

55 2207 98 2213 -
131 2189 259 2220 deinde
295 2199 418 2221 rursus
452 2186 495 2219 ἄν
525 2189 696 2224 infertur:

54 2235 150 2277 quod
184 2236 326 2276 quidem
357 2237 487 2268 usitate
519 2237 570 2267 ita
604 2236 695 2275 fieri,

53 2291 158 2323 quum
194 2282 277 2314 alibi
317 2287 390 2314 tum
432 2282 476 2313 ad
514 2280 624 2323 Gorg.
661 2292 693 2322 p.

52 2327 132 2362 514.
148 2328 188 2360 D.
212 2334 247 2359 et
269 2328 348 2364 465.
374 2329 602 2361 ostendimus.
639 2329 695 2361 De

57 2372 135 2414 τάχα
167 2373 250 2406 ἴσως
281 2386 313 2407 v.
350 2376 395 2407 ad
419 2375 516 2407 Libr.
549 2375 577 2409 I.
605 2385 634 2407 c.
659 2375 692 2409 5.

58 2424 92 2451 et
116 2429 145 2451 c.
172 2419 228 2454 13.

101 2462 263 2504 νόμους
310 2465 385 2499 τὰς
435 2463 548 2509 ςιῖδὰς
598 2463 694 2508 ἡμῖν

55 2511 309 2555 γεγονέναι]
362 2513 398 2545 V.
438 2514 538 2547 Libr.
579 2514 620 2546 ΙΙ.
660 2525 692 2555 p.

57 2557 134 2592 700.
162 2557 204 2590 Β,

103 2603 172 2635 καὶ
197 2602 394 2647 καθάπερ
419 2604 462 2638 οἱ
492 2606 691 2647 παλαιοὶ]

58 2648 287 2683 scribendum
325 2661 499 2686 censerem
513 2666 520 2684 :
562 2665 579 2684 κ
587 2665 608 2685 α
617 2652 645 2684 θ
655 2650 691 2683 ά-

59 2706 134 2736 περ
161 2697 226 2729 καὶ
253 2696 295 2727 οἱ
313 2707 344 2730 π.
363 2705 492 2732 mutato
509 2700 691 2732 verborum

766 1635 906 1671 ordine,
940 1632 1007 1663 nisi
1047 1637 1128 1673 post
1161 1633 1220 1663 καί
1253 1631 1403 1672 intelligi

764 1691 886 1713 rursus
915 1685 1036 1719 posset
1063 1675 1232 1719 δεδόχθω.

810 1727 850 1759 Ρ.
889 1725 969 1759 800.
1033 1721 1133 1755 καθ’
1178 1722 1318 1757 ὕπνον
1359 1722 1403 1754 δὲ

765 1769 861 1805 οἷόν
894 1782 977 1803 που
1011 1771 1074 1813 -1
1114 1770 1300 1813 Significat
1333 1772 1404 1811 pri-

764 1829 842 1852 scos
866 1819 1025 1850 homiues
1051 1828 1122 1849 non
1152 1824 1223 1850 tam
1250 1822 1345 1850 certa
1370 1822 1404 1849 et

763 1867 857 1898 clara
880 1865 931 1896 rei
956 1865 1106 1896 scientia
1130 1873 1164 1896 et
1187 1864 1404 1905 cognitione,

766 1913 829 1944 sed
853 1911 1003 1944 obscuro
1031 1911 1180 1951 quodam
1205 1911 1292 1943 recti
1315 1910 1404 1941 veri-

764 1968 832 1999 que
875 1967 980 1989 sensu
1024 1957 1070 1987 ad
1109 1967 1185 1988 eum
1232 1957 1406 1989 rationem

764 2004 934 2036 deductos
959 2013 1046 2035 esse.
1097 2001 1175 2040 Qua.
1199 2003 1235 2035 in
1260 2014 1298 2035 ro
1322 2012 1404 2044 pro-

762 2051 875 2092 prium
902 2049 1004 2082 habet
1026 2058 1126 2081 usum
1150 2047 1236 2090 ὄναρ
1252 2054 1286 2082 et
1302 2045 1407 2091 ὕπαρ,

763 2098 807 2128 de
840 2106 910 2138 quo
942 2096 1093 2128 diximus
1124 2096 1168 2128 ad
1203 2096 1342 2128 Politia.
1369 2106 1403 2137 p.

764 2143 844 2177 277.
876 2144 923 2175 D.
957 2148 992 2175 et
1033 2142 1166 2174 Phileb.
1207 2153 1240 2184 p.
1272 2142 1328 2177 20.
1360 2142 1400 2173 B.

763 2200 796 2231 Ρ.
825 2188 900 2224 146.
930 2190 984 2221 ed.
1005 2188 1111 2220 Goth.
1140 2189 1288 2221 verbum
1314 2184 1402 2220 ὀνει-

764 2233 902 2277 ρώττειν
931 2237 968 2268 iu
998 2236 1118 2268 eadem
1149 2246 1274 2268 caussa
1303 2246 1403 2267 usur-

763 2288 865 2323 patui·
890 2283 945 2315 De
969 2282 1055 2323 Rep.
1085 2282 1166 2313 VII.
1191 2292 1226 2324 p.
1254 2281 1333 2317 533.
1361 2281 1401 2313 C.

761 2328 960 2361 aLMavte
974 2326 1134 2360 ὕεσθαι
1154 2334 1271 2360 autem
1293 2339 1402 2370 quan-

763 2382 884 2416 topere
899 2378 948 2408 sic
972 2375 1223 2416 frequentetur,
1248 2375 1402 2407 ostendi-

761 2431 838 2453 mus
868 2423 913 2455 ad
941 2422 1075 2454 Phiieb.
1107 2431 1142 2462 Ρ.
1174 2420 1232 2455 44.
1264 2419 1305 2452 G.
1348 2421 1405 2453 De

763 2467 851 2509 Rep.
884 2469 909 2501 Ι.
942 2479 976 2510 Ρ.
1011 2467 1092 2502 349.
1130 2468 1176 2499 A.
1239 2466 1404 2500 Ceterum

763 2513 832 2546 hoc
854 2515 933 2547 loco
960 2512 1051 2556 ὕπαρ
1084 2511 1284 2556 εγρηγορώε·
1307 2509 1403 2545 ωνεί-

766 2559 854 2615 (noge
877 2570 941 2615 per
964 2570 1160 2615 oxymoron
1185 2560 1328 2593 dictum.

811 2605 855 2637 τὸ
882 2602 916 2638 δ’
941 2602 1022 2638 οὖν
1043 2605 1178 2649 δόγμα
1211 2606 1308 2661 περὶ
1334 2618 1400 2639 αν·

767 2653 841 2683 τοῦ
866 2653 934 2695 -]
968 2652 1168 2685 Particulae
1197 2649 1231 2684 δ’
1258 2647 1323 2684 οἶν
1347 2663 1401 2685 re-

765 2700 930 2732 ferendae
963 2706 1042 2731 sunt
1075 2700 1116 2732 ai
1154 2701 1274 2740 priora
1313 2701 1400 2733 ista:
