1644 2886
286 106 363 144 '274
753 103 1128 157 PnA'roNis

283 217 411 273 στερὸι
445 218 709 275 διαφέροντά
750 218 850 261 ἐσθ’
900 218 1020 273 ἡμῶν
1056 219 1181 278 φύσει
1214 220 1324 273 πρὸς
1359 220 1437 271 τὰς
1467 226 1617 278 χρείας

285 288 343 334 εἰς
377 281 561 332 ἑκάστας
596 285 682 325 τῶν
729 285 928 338 πράξεων
973 286 1026 327 τὰ
1066 288 1161 341 περὶ
1196 286 1277 335 τὰς
1307 294 1477 343 χεῖρας·
1523 292 1614 331 ἐπεὶ

228 371 237 378 .
285 349 338 391 τά
375 365 422 402 γε
456 351 550 403 περὶ
587 347 724 399 πόδας
761 367 802 393 τε
837 354 909 394 καὶ
948 349 998 393 τὰ
1038 350 1153 393 κάτω
1190 354 1276 394 τῶν
1311 356 1451 407 μελῶν
1487 356 1614 396 οὐδὲν

176 942 254 980 795

285 418 551 472 διαφέροντα
595 421 653 465 εἰς
690 417 792 466 τοὺς
838 417 1003 466 πόνους
1050 421 1275 475 φαίνεται·
1330 419 1384 461 τὰ
1422 422 1466 462 δὲ
1501 420 1613 463 κατὰ

283 489 431 536 χεῖρας
466 480 599 537 ἀνοίᾳ
642 485 819 540 τροφῶν
855 489 926 526 καὶ
961 491 1155 539 μητέρων
1190 483 1287 526 οἷον
1327 488 1458 540 χωλοὶ
1494 487 1611 539 γεγό-

284 563 421 602 ναμεν
455 552 642 591 ἕκαστοι.
673 551 749 600 τῆς
784 548 952 606 φύσεως
987 548 1072 604 γάρ
1108 554 1319 607 ἑκατέρων
1354 554 1440 593 τῶν
1474 555 1615 607 μελῶν

284 613 435 668 σχεδὸν
491 612 813 671 ἰσορροπούσης
861 615 986 658 αὐτοὶ
1049 616 1120 657 διὰ
1170 615 1220 659 τά
1271 620 1360 668 ἔθη
1419 617 1613 677 διάφορα

285 680 399 722 αὐτοὶ
437 680 732 735 πεποιήκαμεν
761 682 840 724 οὐκ
873 681 1028 738 ὀρθῶς
1057 680 1283 738 χρώμενοι.
1311 688 1358 725 ὲν
1392 682 1513 734 ὅσοις
1535 687 1614 739 μὲν

285 745 368 801 γὰρ
404 747 491 788 τῶν
525 750 661 801 ἔργων
687 747 746 802 μὴ
785 753 891 802 μέγα
929 750 1137 804 διαφέρει,
1174 750 1287 804 λύρᾳ
1323 752 1402 803 μὲν
1437 756 1481 793 ὲν
1517 751 1614 805 ἀρι-

285 814 417 868 στερᾷ
445 811 684 868 χριόμενον,
719 815 920 869 πλήκτρῳ
948 816 991 856 δὲ
1018 821 1063 856 ἐν
1100 814 1226 869 δεξιᾷ.
1266 818 1447 870 πρᾶγμα
1475 817 1614 866 οὐδεν,

285 881 357 921 καὶ
391 875 473 921 ὅσα
510 881 717 922 τοιαῦτα·
755 880 929 929 τούτοις
965 883 1008 922 δὲ
1041 885 1355 935 παραδείγμασι
1386 882 1613 936 χρώμενον

285 949 357 987 καὶ
393 949 450 994 εὶς
484 942 598 987 ἄλλα
634 945 693 999 μὴ
732 948 829 989 δεον
879 945 991 989 οὕτω
1036 948 1237 1001 χρῆσθαι
1271 945 1423 1001 σχεδὸν
1465 949 1612 992 ἄνοια.

377 1093 423 1128 ιὰ
456 1098 549 1139 περὶ
591 1095 659 1130 τας
693 1097 858 1140 χεῖρας]
895 1099 1005 1140 χρείας
1037 1100 1081 1131 A.
1119 1097 1156 1130 Ω.
1214 1099 1286 1135 ..h
1312 1111 1341 1132 a.
1370 1110 1396 1131 c.
1422 1110 1453 1131 ο.
1482 1098 1510 1131 δ.
1537 1111 1612 1133 cum

286 1143 366 1174 Ald.
405 1143 504 1175 Bass.
530 1143 562 1176 1.
595 1144 626 1177 2.
657 1154 775 1176 errore
807 1145 1003 1177 manifesto.
1057 1109 1207 1176 Recte
1197 1148 1308 1185 χεῖρας
1344 1145 1539 1197 Florentini
1575 1148 1610 1178 in

285 1198 392 1228 marg.
417 1190 543 1229 aliique
565 1189 656 1221 libri.
704 1190 796 1221 Dein
824 1191 924 1222 Voss.
953 1186 1033 1221 κατὰ
1059 1190 1124 1221 τῶν
1147 1190 1253 1228 μελῶν
1278 1200 1340 1231 pro
1366 1187 1455 1222 κιίιω
1480 1202 1507 1223 τ.
1534 1202 1566 1230 μ.

372 1234 415 1264 Ε.
463 1230 587 1265 α’νοιά
611 1236 804 1276 τροφῶν]
832 1232 954 1276 ἄγνοια
978 1245 1085 1276 marg.
1112 1235 1251 1267 Ricard.
1279 1241 1312 1267 et
1335 1236 1428 1267 Flor.
1453 1246 1485 1268 a.

375 1277 443 1310 διὰ
475 1277 519 1311 τὰ
544 1279 622 1321 ἔθη
648 1279 853 1322 διάφορα]
887 1281 996 1313 Libri.
1018 1278 1100 1322 ἤθη.
1125 1281 1337 1313 Mutavimus
1369 1282 1411 1313 de
1442 1283 1612 1315 sententia

287 1323 465 1366 Stephani,
491 1323 657 1357 Gatakeri
683 1327 726 1358 ad
755 1327 921 1358 Antonin.
946 1326 1029 1357 XII.
1056 1326 1088 1360 6.
1110 1327 1215 1366 Astii,
1239 1327 1397 1359 aliorum.

982 1446 1061 1477 ceps
1098 1437 1289 1479 insequitur
1323 1433 1510 1478 χριόμενονι
1544 1437 1611 1468 hoc

981 1483 1070 1513 enim
1087 1492 1176 1513 nunc
1201 1483 1369 1514 eiusmodi
1396 1487 1458 1521 est,
1483 1485 1521 1512 ut
1536 1483 1610 1513 nul-

981 1527 1049 1558 lam
1078 1528 1179 1567 plane
1210 1529 1335 1560 habeat
1358 1528 1518 1558 idoneam
1551 1537 1609 1559 ex-

287 1434 447 1468 Ceterum
478 1437 620 1476 iungas·
659 1435 698 1468 ιὰ
729 1434 822 1478 δεξιὰ
858 1437 910 1468 καὶ

288 1480 324 1512 τὰ
351 1478 508 1523 ἀριστερὰ
540 1479 578 1512 τὰ
605 1483 678 1522 περὶ
704 1480 762 1513 τὰς
792 1485 911 1523 χεῖρας.

329 1527 372 1560 Ε.
427 1525 492 1559 διὰ
527 1525 570 1558 τὰ
605 1527 680 1569 ἔθη
724 1526 914 1568 διάφορα

285 1568 391 1602 αὐτὰ
426 1571 481 1612 π.]
511 1572 555 1605 H
588 1582 618 1603 e.
654 1574 914 1604 consuetudinis

282 1618 455 1657 pravitate
511 1617 650 1649 diversa
689 1618 914 1650 reddidimus.

284 1661 440 1694 Pessime
463 1661 541 1693 libri
568 1672 685 1694 omnes
713 1660 795 1704 ἤθη,
821 1664 914 1705 quod

282 1712 467 1740 tenuerunt
536 1707 565 1738 B
582 1718 600 1740 e
612 1709 635 1740 k
651 1708 700 1740 ke
715 1719 732 1739 r
746 1719 767 1739 u
784 1719 799 1740 s
881 1713 915 1743 et

284 1752 607 1793 Schneiderus,
624 1754 780 1795 quamvis
804 1754 913 1786 refra-

283 1803 387 1840 gante
429 1800 613 1830 sententia.
670 1799 801 1830 Verum
835 1809 912 1839 per-

283 1849 469 1885 spexerunt
514 1843 777 1885 Stephanus,
829 1844 914 1876 Ga-

282 1890 414 1923 takes.
451 1890 495 1922 ad
526 1891 656 1921 Anton.
689 1890 771 1923 XII.
811 1890 843 1923 6.
881 1896 914 1921 et

283 1936 450 1975 Aetius,
476 1945 562 1976 quos
579 1933 644 1966 nos
658 1936 759 1967 duces
785 1936 912 1967 dudum

280 1981 415 2022 sequuti
441 1989 577 2019 sumus3
602 1982 739 2022 sequuti
758 1986 837 2012 sunt
851 1991 911 2012 nu-

279 2035 342 2067 per
383 2028 465 2058 item
508 2027 679 2058 triumviri
704 2026 911 2058 Turicenses

281 2076 314 2102 et
338 2071 622 2105 Hermannus.

326 2115 369 2148 ἐν
394 2114 514 2148 ὅσοις
537 2116 609 2156 μὲν
634 2113 710 2157 γὰρ
748 2116 826 2146 τῶν
851 2116 910 2157 ἔρ·

282 2163 383 2205 γων]
426 2173 516 2194 nam
557 2163 603 2194 in
645 2162 911 2203 quibuscun-

281 2217 360 2248 que
383 2208 590 2249 operibus
614 2208 736 2247 parvi
760 2208 910 2247 refert,

282 2253 465 2296 dextera
499 2263 548 2285 an
591 2253 778 2284 sinistra
823 2258 909 2284 uta-

196 2286 197 2289 *
240 2333 242 2335 ‚
281 2299 359 2337 ris,
394 2299 536 2329 veluti
559 2299 603 2329 in
637 2299 730 2338 lyra
761 2303 800 2328 et
823 2299 909 2340 ple-

239 2352 241 2354 ·
282 2347 372 2375 etro
405 2344 613 2383 tenendo,
638 2343 698 2375 ibi
723 2353 790 2375 res
820 2345 909 2376 nul-

240 2390 370 2421 .-lius
426 2390 664 2421 momenti
711 2394 806 2432 est,

869 2394 909 2421 et

283 2443 562 2475 quaecunque
604 2435 801 2466 eiusdem
842 2445 907 2475 ge-

282 2481 406 2512 neris
433 2485 541 2512 sunt.
588 2479 704 2511 Locus
737 2485 797 2511 aut
825 2481 908 2512 scri-

237 2548 239 2550 >
279 2529 360 2566 ptus
386 2525 684 2566 negligentissime
712 2530 772 2557 aut
805 2525 908 2556 foede

280 2574 473 2612 corruptus.
498 2571 654 2603 »Videtur
677 2576 756 2612 post
785 2569 829 2612 μὴ
853 2570 907 2610 μέ-

280 2627 322 2656 γα
363 2614 515 2659 διαφέρει
555 2617 687 2658 aliquid
726 2616 907 2655 excidisse,

279 2672 353 2693 cum
380 2672 447 2702 quo
473 2662 672 2695 cohaereret
696 2662 788 2702 quod
812 2662 905 2693 dein-

981 1573 1214 1612 plicaffionem,
1239 1583 1282 1604 ne
1299 1574 1520 1613 grammatice
1535 1574 1608 1614 qui-

983 1618 1059 1648 dem
1073 1623 1284 1670 spectatum.
1335 1618 1472 1650 Deinde
1497 1619 1607 1650 istud:

984 1662 1037 1693 καὶ
1061 1658 1125 1693 ὅσα
1152 1662 1298 1695 τοιαῦτα,
1323 1663 1411 1694 male
1430 1665 1608 1695 traiectum

981 1711 1153 1748 putamus.
1200 1709 1294 1739 Vera
1318 1709 1500 1763 scriptura,
1534 1710 1609 1750 opi·
1642 1734 1643 1738 ,

981 1763 1058 1807 nor,
1082 1754 1169 1785 haec
1199 1754 1282 1784 fuit.
1315 1749 1410 1784 οἷον
1438 1751 1526 1806 λύρᾳ
1549 1753 1609 1792 μὲν

982 1780 1094 1829 εἶναι
1142 1797 1178 1829 ἑν
1224 1795 1382 1854 ἀριστερᾷ
1426 1809 1608 1839 χρωμενον,

983 1841 1135 1887 πλήκτρῳ
1172 1842 1208 1874 δὲ
1242 1842 1277 1875 ἐν
1320 1841 1422 1898 δεξιᾷ,
1458 1844 1511 1874 καὶ
1544 1841 1608 1876 ὅσα

982 1890 1130 1926 τοιαῦτα,
1155 1890 1288 1944 πρᾶγμα
1313 1885 1426 1920 ουδὲν.
1461 1889 1608 1920 Formu-

981 1936 1046 1967 lam
1074 1936 1208 1976 πρᾶγμα
1232 1931 1343 1972 οὐδέν,
1366 1944 1430 1975 pro
1446 1944 1513 1975 qua
1528 1940 1609 1975 post

977 1980 1094 2021 paullo
1126 1981 1250 2011 dicitur
1282 1991 1324 2011 ov
1316 1977 1383 2010 ’δέν
1408 1979 1507 2019 μέγα.
1529 1981 1606 2011 illu·
1643 1981 1644 2018 j

977 2027 1161 2057 stravimus
1198 2027 1242 2057 ad
1277 2025 1468 2066 Euthyphr
1504 2036 1537 2066 p.
1570 2026 1602 2060 3

978 2070 1016 2105 C
1043 2070 1150 2112 Gorg
1181 2081 1212 2111 p.
1243 2070 1320 2105 447.
1358 2070 1398 2100 B.
1430 2069 1547 2111 Symp.
1572 2081 1604 2111 p.
1642 2065 1644 2121 J

978 2116 1056 2151 198.
1082 2116 1124 2147 Ε.
1149 2116 1276 2157 Cratyl.
1303 2127 1335 2156 p.
1359 2115 1438 2149 393
1464 2116 1509 2146 D.
1536 2116 1579 2147 al.

1023 2160 1196 2192 τούτοις
1226 2161 1267 2192 δέ
1292 2159 1606 2202 παραδείγμασι
1638 2187 1643 2207 h

976 2206 1191 2247 χρώμενον
1223 2206 1282 2247 --]
1345 2207 1445 2238 istis
1502 2216 1604 2238 vero

977 2253 1189 2293 exemplis
1243 2253 1370 2283 etiam
1413 2252 1464 2283 ad
1518 2252 1605 2283 alia

976 2299 1360 2337 abutentem,quum
1379 2307 1456 2328 non
1486 2306 1603 2338 opor·-
1638 2298 1642 2328 ‚¹

976 2348 1086 2383 teat,
1121 2343 1318 2374 manibus
1353 2343 1415 2373 sic
1448 2343 1512 2373 uti
1547 2343 1604 2382 (ut
1640 2362 1642 2383 ξ

976 2399 1045 2420 una
1058 2389 1128 2420 fere
1152 2387 1294 2419 dextera
1318 2387 1533 2427 adhibeatur,
1558 2388 1603 2418 si-

1642 2133 1644 2189 ἓ

1641 2211 1644 2246 ἒ

1637 2253 1643 2272 Ὶι

1639 2331 1642 2352 ῐ

1638 2388 1642 2415 1

976 2436 1084 2466 nistra
1113 2434 1309 2473 negligatur
1342 2437 1376 2463 et
1407 2437 1603 2465 contemna-
1638 2423 1642 2475 f

974 2483 1042 2519 tur)
1067 2489 1116 2510 ea
1150 2488 1251 2510 vero
1286 2479 1602 2519 propemodum
1634 2479 1640 2500 ’ἃ

974 2525 1152 2556 insania
1187 2529 1260 2556 est.
1312 2523 1457 2556 Frustra
1488 2523 1602 2554 locum

974 2569 1138 2601 sollicitat
1167 2568 1408 2602 Gatakerus
1437 2569 1458 2599 Ι.
1482 2578 1500 2599 c
1544 2565 1600 2609 μή,

975 2613 1054 2691 Meg
1080 2615 1299 2695 eggbendum
1324 2614 1537 2646 existimans.

1210 2655 1284 2691 οὐκ
1320 2658 1363 2691 ἐν
1392 2655 1599 2700 ἀριστερᾷ
