1644 2886
500 125 583 168 DE
619 120 894 168 LEGIBUS
927 135 1006 166 etc.
1223 121 1410 164 XXVII
1438 182 1440 185 ·

59 242 207 284 omnia
237 240 429 296 denique
465 240 521 283 ad
552 255 685 283 unum
717 239 990 294 eundemque
1018 238 1150 280 finem
1167 237 1413 292 composita

56 307 100 341 et
130 298 187 341 ad
215 299 356 356 legem
386 298 584 353 unitatis,
618 313 746 354 quam
777 297 924 339 dicere
944 295 1107 351 licebit,
1141 294 1413 336 conformata

56 371 153 399 esse
186 355 480 398 existimanda
509 356 610 399 sint.
671 355 732 397 Et
763 355 862 410 quis
895 360 963 396 est
993 353 1096 408 quin
1124 352 1336 395 rationem
1368 357 1413 392 et

57 414 194 468 viam⁷
237 429 325 468 qua
363 413 427 455 ita
456 413 618 455 factum
649 419 738 467 est,
771 412 884 454 ultro
914 411 1126 472 largiatur
1153 409 1283 466 plane
1313 422 1411 451 esse
1463 445 1467 449 .

56 469 356 512 Platonicam?
423 470 600 513 Etenim
640 476 707 512 est
736 475 855 511 certe
885 484 1028 510 rerum
1058 467 1249 510 civilium
1272 472 1412 522 atque

57 528 297 570 ethicarum
330 528 546 586 expositio
576 534 664 569 tam
703 526 936 568 artificiose
967 531 1176 568 contexta
1206 530 1338 579 atque
1367 523 1412 564 in

59 601 191 628 unum
223 585 471 640 coniuncta,
492 591 553 626 -ut
581 598 708 626 nemo
739 583 866 625 facile
896 584 1068 625 futurus
1099 583 1170 636 sit,
1204 583 1311 637 quin
1341 580 1413 622 hic

58 649 271 698 protenus
301 642 440 685 simile
471 640 712 683 disserendi
745 640 976 682 artificium
1008 645 1244 693 agnoscat,
1280 644 1413 694 atque

58 699 164 741 illud
195 707 275 753 est,
309 698 427 754 quod
456 698 769 756 elegantissimi
800 698 961 753 quique
999 697 1082 739 viri
1112 697 1157 738 in
1188 696 1312 738 libris
1344 696 1411 737 De

59 756 301 812 Republica
335 756 520 810 aliisque
569 755 746 812 scriptis
787 755 985 797 Platonis
1024 769 1196 811 semper
1225 753 1411 794 maxime

58 813 258 855 admirati
287 819 415 867 sunt,
457 812 673 869 siquidem
711 813 774 856 ibi
816 821 990 868 quoque
1034 826 1175 853 rerum
1217 810 1274 852 ad
1304 809 1410 852 civi-

56 877 190 920 tatem
230 870 538 926 pertinentium
576 877 711 926 atque
751 870 991 913 ethicarum
1029 868 1273 925 disputatio
1316 873 1410 909 arte

0 976 2 978 v
57 941 235 984 prorsus
275 926 518 970 admirabili
561 942 612 970 ac
643 928 772 984 plane
803 927 951 969 divina
981 927 1218 970 coniuncta
1249 932 1293 967 et
1320 939 1410 967 ser-

56 1000 229 1027 monum
277 985 489 1027 varietate
531 985 779 1028 inimitabili
838 985 962 1040 quasi
1010 984 1273 1040 complicata
1330 993 1409 1025 est.

56 1041 333 1097 Quamquam
361 1048 593 1098 utrumque
624 1058 736 1099 opus
767 1043 894 1085 etiam
922 1042 1004 1084 hac
1033 1042 1079 1083 in
1109 1048 1232 1098 parte
1263 1040 1410 1094 habet,

57 1100 99 1141 in
140 1114 226 1155 quo
269 1115 348 1155 pro
387 1100 557 1142 consilii
595 1102 803 1142 varietate
834 1101 1016 1142 alterum
1047 1099 1102 1141 ab
1131 1099 1270 1141 altero
1301 1113 1410 1140 non-

56 1156 163 1199 nihil
202 1156 389 1199 differat.
461 1158 574 1199 Nam
618 1158 660 1199 in
703 1158 899 1215 Legibus
942 1157 1145 1213 quoniam
1186 1155 1412 1213 praevalet

57 1228 186 1255 verae
227 1214 412 1257 alicuius
450 1215 639 1265 civitatis
670 1214 926 1258 condendae
956 1221 1001 1257 et
1030 1213 1206 1270 optimis
1236 1213 1410 1270 legibus

56 1270 337 1313 instruendae
377 1272 633 1326 consilium,
685 1273 806 1315 filu‘m
843 1272 1036 1314 universi
1085 1271 1296 1313 sermonis
1351 1270 1411 1311 ita

55 1327 310 1383 deducitur,
354 1335 404 1370 ut
443 1330 672 1385 primariae
713 1329 1006 1385 quaestionis,
1047 1328 1115 1371 vel
1146 1329 1293 1385 potius
1321 1342 1410 1370 ser-

55 1385 375 1440 mocinationis‚
404 1393 708 1443 argumentum
737 1403 762 1428 a
779 1387 910 1430 rebus
940 1387 1131 1443 politicis
1160 1391 1408 1443 repetatur3

56 1442 223 1499 ethicae
261 1441 515 1499 disciplinae
554 1445 910 1502 praeceptione8‚
948 1444 1106 1499 quibus
1136 1450 1280 1486 tamen
1309 1443 1410 1484 illae

57 1500 280 1554 nituntur,
313 1501 451 1543 veluti
482 1501 767 1545 secundariae
799 1503 891 1545 suis
922 1501 1030 1544 locis
1059 1501 1407 1558 interponantur.

57 1556 278 1610 Quocirca
315 1558 360 1599 in
399 1574 451 1601 eo
482 1574 627 1601 rerum
658 1560 852 1602 civilium
882 1559 1124 1614 disputatio
1157 1559 1284 1614 quasi
1319 1570 1409 1600 sta-

56 1614 183 1656 minis
222 1615 362 1657 instar
400 1624 489 1670 est,
531 1617 601 1659 cui
640 1632 753 1672 quae
782 1617 836 1659 de
864 1617 1058 1659 moribus
1089 1631 1141 1658 ac
1169 1615 1409 1658 virtutibus

54 1671 238 1726 aliisque
278 1673 407 1715 rebus
448 1673 503 1715 ad
547 1674 799 1717 interiorem
836 1674 1160 1731 philosophiam
1188 1674 1409 1730 pertinen-

52 1729 169 1772 tibus
201 1728 488 1786 disseruntur,
518 1738 740 1787 tamquam
758 1732 1016 1775 subteminis
1047 1732 1144 1774 loco
1172 1732 1412 1773 intertexta

56 1794 168 1829 sunt.
245 1786 522 1843 Quamquam
572 1788 655 1831 hoc
704 1790 1064 1832 artificiosissime
1125 1790 1188 1830 ita
1244 1789 1410 1831 factum

56 1850 137 1897 est,
170 1851 220 1887 ut
248 1851 431 1901 utraque
462 1862 596 1888 unum
628 1846 819 1902 denique
850 1846 1042 1889 efficiant
1067 1852 1266 1888 texturae
1297 1860 1409 1901 opus

54 1899 188 1954 idque
218 1901 347 1958 longe
378 1903 683 1958 pulcerrimum
715 1912 845 1960 atque
866 1904 1250 1961 elegantissimum.
1309 1903 1412 1945 Alia

57 1971 160 1999 vero
201 1958 311 2000 ratio
336 1965 420 2006 ‚est
461 1960 669 2002 librorum
715 1961 769 2003 de
814 1961 1070 2017 Republica.
1141 1961 1193 2002 In
1248 1961 1408 2015 quibus

58 2015 263 2068 quoniam
304 2018 392 2057 una
432 2015 671 2071 eademque
710 2032 845 2073 opera
885 2026 929 2059 et
966 2018 1118 2073 optimi
1149 2017 1336 2060 bominis
1367 2025 1409 2059 et

56 2072 276 2127 perfectae
305 2072 494 2115 civitatis
526 2074 669 2131 imago
700 2074 966 2132 depingitur,
997 2075 1121 2130 illud,
1154 2090 1242 2130 quo
1270 2075 1408 2118 totius

57 2127 365 2185 disputationis
402 2145 554 2173 cursus
582 2132 771 2188 regitur,
809 2148 898 2174 non
928 2138 1016 2174 tam
1046 2131 1236 2188 positum
1267 2139 1334 2176 est
1362 2133 1408 2175 in

58 2188 314 2240 quaestione
354 2186 407 2229 de
446 2188 696 2244 republica,
739 2199 866 2244 quam
896 2190 941 2232 in
971 2190 1165 2232 iustitiae
1196 2191 1408 2246 pervesti-

56 2244 254 2299 gatione,
296 2251 447 2301 utpote
492 2246 690 2301 utrique,
736 2253 825 2288 tam
856 2248 1023 2290 civitati
1065 2263 1195 2304 quam
1226 2248 1406 2302 homini,

55 2316 134 2357 per
170 2302 314 2343 omnia
342 2304 572 2345 communi.
634 2305 697 2345 At
726 2304 926 2346 nimirum
957 2305 1126 2348 etiamsi
1157 2305 1265 2347 haec
1300 2306 1407 2348 utri-

55 2373 196 2414 usque
236 2360 384 2416 'operis
423 2367 491 2402 est
535 2360 764 2404 diversitas
803 2361 920 2411 haud
959 2377 1065 2405 sane
1117 2363 1300 2420 exigua,
1344 2370 1407 2404 ta-

57 2431 154 2458 men
194 2417 339 2471 Leges
374 2417 536 2473 pariter
576 2424 709 2473 atque
738 2418 1065 2476 Rempublicam
1095 2420 1312 2463 Platonici
1343 2423 1406 2462 in-

58 2474 173 2528 genii
212 2474 448 2517 sollertiam
498 2482 632 2531 atque
687 2474 942 2532 elegantiam
993 2477 1156 2520 referre
1206 2478 1407 2520 omnibus

59 2529 142 2571 iam
171 2533 486 2588 apertum‘fore
519 2532 792 2576 confidimus.
1156 2563 1160 2567 -

175 2589 322 2644 Atque
336 2588 437 2631 data
458 2590 538 2632 hac
559 2591 620 2633 rei
646 2590 976 2647 opportunitate
998 2599 1203 2646 tanquam
1224 2593 1268 2645 in
1292 2600 1408 2635 tran-

58 2660 213 2688 scursu
244 2646 372 2689 etiam
403 2648 612 2690 nonnulla
641 2661 855 2705 exponere
883 2647 1034 2691 licebit
1065 2648 1118 2690 de
1152 2649 1319 2706 Legum
1341 2652 1407 2692 in-

59 2704 274 2758 tegritate.
338 2703 511 2747 Etenim
543 2707 578 2748 si
613 2721 714 2747 vera
744 2710 858 2757 sunt,
894 2721 1004 2760 quae
1028 2705 1079 2748 de
1102 2705 1408 2762 disputationis

131 2820 146 2839 Ν
