1644 2886
256 125 397 168 xxn
687 125 1162 168 PROLEGOMENA
1196 111 1205 113 ’

257 236 515 278 servantiam
553 244 745 291 promtos
788 244 830 276 et
870 242 1040 291 paratos
1090 237 1261 279 efficiat.
1342 238 1432 279 Iam
1484 252 1584 279 vero

255 292 363 334 haec
410 307 579 346 quoque
619 307 697 334 suo
736 291 831 334 loco
870 306 963 334 esse
1009 294 1229 347 exposita,
1280 294 1374 347 quis
1424 307 1585 347 quaeso

257 355 323 390 est
360 349 463 402 quin
499 349 590 402 ipse
641 353 845 402 protenus
896 348 1241 390 animadvertat?
1299 348 1468 406 Quippe
1517 349 1584 391 his

256 404 316 444 ita
370 404 602 459 expositis,
669 404 915 459 priusquam
975 404 1094 459 ipsae
1146 405 1264 460 leges
1324 406 1583 458 scribuntur,

257 458 411 500 callido
448 459 630 499 artificio
673 458 892 514 proditur,
932 470 1116 514 quonam
1150 459 1425 502 fundamento
1455 476 1585 515 quum

256 516 372 570 ipsae
408 521 499 555 tum
539 515 696 556 civium
735 515 1042 571 obtemperatio
1081 516 1133 558 iis
1174 515 1319 558 debita
1355 517 1479 558 inniti
1510 516 1583 558 de-

255 570 367 612 beat.
443 569 678 627 Profligata
734 587 834 613 vero
892 571 1039 613 harum
1098 587 1238 614 rerum
1294 572 1583 628 disputatione

256 626 393 680 oratio
428 626 528 668 inde
566 642 590 667 a
625 643 666 682 p.
700 628 793 670 722.
826 627 880 668 D.
912 628 1138 669 revertitur
1166 628 1221 668 ad
1253 629 1337 669 alia
1366 630 1583 684 prooemia

255 682 535 738 generaliora.
593 682 837 737 Exponitur
867 684 977 724 enim
1007 684 1211 739 primum,
1243 683 1371 738 idque
1403 684 1583 740 exempli

256 737 483 780 exhibendi
521 753 695 791 caussa,
736 739 788 781 de
830 740 1055 796 coniugi03
1098 739 1251 781 deinde
1289 755 1391 782 vero
1429 740 1528 781 inde
1559 755 1585 780 a

256 795 437 848 quinti
486 794 624 835 libri
674 795 844 836 initio
891 795 944 836 de
994 796 1122 837 animi
1169 795 1391 837 excolendi
1440 796 1584 838 officio

256 851 412 904 (usque
451 849 507 891 ad
543 866 583 906 p.
622 851 715 893 728.
754 851 865 904 D.)3
910 851 963 892 de
1005 852 1123 893 cultu
1151 858 1195 893 et
1223 851 1384 893 honore
1414 852 1584 907 corpori

255 906 400 948 debito
441 905 581 960 deque
616 907 729 949 veris
773 907 968 961 corporis
1006 907 1230 961 laudibus,
1272 907 1323 948 de
1351 908 1583 949 virtutibus

256 977 386 1017 quum
432 962 629 1017 privatim
677 969 768 1004 tum
816 963 985 1019 publice
1033 963 1247 1016 colendis,
1287 969 1330 1004 et
1368 978 1477 1017 quae
1518 963 1583 1004 his

256 1028 441 1074 cognata
479 1024 580 1059 sunt
616 1019 700 1060 alia
740 1025 991 1074 argumenta
1021 1020 1177 1073 (usque
1207 1019 1261 1060 ad
1292 1035 1332 1074 p.
1365 1021 1457 1062 730.
1491 1020 1583 1073 A.).

257 1073 376 1127 Quas
419 1073 589 1127 quidem
627 1074 938 1116 admonitiones
980 1081 1022 1116 et
1061 1075 1376 1117 cohortationes
1428 1074 1582 1116 deinde

256 1130 476 1184 excipiunt
517 1145 591 1183 ea,
633 1145 742 1184 quae
781 1130 836 1171 ad
877 1145 1221 1185 unumquemque
1259 1131 1395 1173 civem
1433 1146 1510 1186 per
1537 1145 1583 1173 se

256 1185 395 1228 solum
450 1191 691 1241 spectatum
739 1187 993 1229 referuntur.
1082 1185 1417 1228 Commendatur
1473 1187 1584 1228 enim

255 1241 436 1298 singulis
472 1242 666 1284 veritatis
706 1257 825 1284 amor
864 1242 1204 1296 sincerissimus,
1251 1242 1443 1285 iustitiae
1494 1249 1584 1295 stu-

256 1297 373 1340 dium
411 1303 611 1340 constans
649 1304 692 1339 et
727 1298 1010 1352 indefessum,
1039 1299 1346 1353 temperantiae
1394 1298 1496 1340 item
1533 1312 1584 1340 ac

255 1352 509 1410 prudentiae
557 1353 696 1396 cultus
751 1353 963 1396 assiduus.
1043 1354 1178 1395 Porro
1215 1354 1486 1410 *praecipitur
1531 1353 1584 1395 de

255 1408 477 1451 iracundia
515 1414 558 1450 et
593 1409 789 1462 lenitate,
837 1409 890 1450 de
928 1410 1039 1451 fastu
1078 1424 1129 1451 ac
1169 1410 1298 1452 nimio
1335 1410 1401 1452 sui
1441 1424 1583 1451 amore

189 1477 204 1483 ⁵
256 1465 492 1507 modestiae
531 1465 718 1520 inimico,
758 1465 810 1507 de
840 1465 1135 1507 moderatione
1170 1465 1400 1507 affectuum
1437 1466 1583 1520 impri-

254 1522 424 1575 misque
462 1520 622 1564 doloris
671 1528 714 1564 et
750 1522 964 1575 laetitiae⁷
1006 1521 1058 1562 de
1099 1521 1334 1563 tolerandis
1367 1536 1417 1562 ac
1445 1521 1583 1576 perfe-

255 1577 401 1619 rendis
442 1577 564 1620 malls
603 1574 1011 1630 etcalamitatibus,
1042 1576 1226 1631 denique
1257 1578 1309 1619 de
1339 1575 1584 1633 cupiditati-

257 1634 336 1675 bus
377 1639 420 1674 et
455 1633 749 1688 voluptatibus
789 1633 1005 1689 sapienter
1044 1633 1454 1688 cohibendis-atque
1493 1648 1581 1675 mo-

256 1688 456 1731 derandis
496 1690 677 1744 (usque
707 1689 762 1731 ad
798 1705 841 1744 p.
883 1691 977 1731 734.
1017 1689 1119 1743 D.)
1168 1688 1357 1742 'Quibus
1388 1689 1584 1731 omnibus

256 1745 479 1800 explicatis
518 1746 752 1801 suscipitur
791 1744 964 1786 tandem
1003 1744 1056 1786 de
1085 1746 1179 1800 ipsa
1206 1746 1392 1787 civitatis
1423 1745 1583 1786 consti-

254 1801 422 1843 tutione
461 1806 504 1842 et
541 1801 685 1856 legum
723 1800 952 1856 scriptione
996 1800 1256 1855 disputatio⁷
1301 1816 1410 1855 quae
1439 1802 1583 1856 proxi-

254 1857 337 1899 mis
365 1856 533 1898 demum
561 1857 682 1899 libris
711 1857 965 1913 profligatur
995 1864 1035 1898 et
1065 1857 1311 1899 absolvitur.
1370 1856 1460 1897 Iam
1481 1872 1583 1898 vero

255 1920 507 1968 quaerentes
545 1928 642 1962 nos,
682 1914 822 1960 sintne
861 1913 1163 1968 haecomnia,
1206 1912 1258 1953 de
1289 1911 1582 1966 quibus'dixi-

258 1985 372 2023 mus,
405 1969 499 2010 loco
529 1975 770 2024 opportuno
800 1968 1073 2021 universique
1105 1969 1247 2022 operis
1275 1968 1453 2010 consilio
1482 1982 1582 2008 con-

257 2025 479 2066 venienter
506 2025 732 2080 explicata‚
764 2031 878 2073 certe
908 2024 1027 2066 nullo
1066 2025 1238 2080 negotio
1271 2023 1579 2066 animadverte-

254 2095 373 2133 mus,
414 2095 464 2121 ea
499 2095 710 2135 nusquam
741 2082 835 2123 ‘fere
875 2081 992 2122 alibi·
1017 2080 1230 2135 interponi
1266 2079 1424 2120 rectius
1467 2094 1581 2120 com-

254 2135 507 2190 modiusque
544 2137 747 2191 potuisse.
818 2135 949 2189 Quod
987 2136 1097 2177 enim
1126 2135 1208 2176 hoc
1236 2136 1330 2190 ipso
1359 2135 1454 2176 loco
1485 2150 1581 2190 per-

255 2192 415 2247 scripta
456 2191 684 2247 leguntur,
727 2207 776 2234 eo
806 2193 905 2234 item
934 2191 1314 2244 luculentissimum
1343 2190 1580 2244 fit.‚·totam

255 2247 623 2304 legumlationem‚
669 2263 778 2302 quae
816 2249 873 2290 sit
910 2253 1170 2301 sequutura,
1204 2247 1283 2289 'vel
1313 2247 1494 2288 maxime
1525 2247 1580 2288 ad

253 2319 419 2346 morum
463 2303 727 2348 honestatem
777 2310 905 2359 atque
951 2304 1150 2345 virtutem
1198 2303 1344 2343 referri
1394 2302 1580 2357 ideoque

254 2360 368 2402 bona
397 2359 580 2401 humana
609 2360 922 2414 coniunctaque
952 2358 1047 2402 cum
1072 2358 1127 2400 ,fis
1157 2359 1301 2400 officia
1331 2364 1458 2413 atque
1488 2359 1581 2399 iura

254 2416 395 2458 civilia
425 2430 574 2457 revera
593 2416 797 2471 suspendi
827 2431 879 2458 ex
896 2415 1021 2458 bonis
1044 2413 1217 2466 divinis,
1249 2415 1376 2463 sicuti
1397 2414 1518 2456 Libr.
1540 2414 1578 2456 I.

254 2487 295 2527 p.
337 2473 432 2514 631.
468 2471 524 2515 D.
559 2472 748 2527 praecipi
788 2471 1067 2514 meminimus.
1146 2469 1434 2523 Quamobrem
1473 2470 1579 2512 nihil

255 2528 446 2581 pt'ofe‘cto
483 2528 528 2568 in
568 2526 751 2569 medium
791 2527 984 2570 attulisse
1024 2525 1295 2567 existimandi
1337 2533 1462 2580 sunt,
1506 2526 1578 2580 qui

257 2583 428 2624 Platoni
468 2583 698 2648 opprobrio
730 2589 968 2636 verterunt,
1002 2582 1116 2636 quod
1149 2582 1191 2622 in
1214 2581 1435 2638 Legibus,
1468 2582 1578 2623 inte-

256 2640 364 2682 riore
398 2640 577 2681 hominis
610 2645 760 2681 natura
790 2636 998 2695 neglecta,
1031 2638 1147 2693 leges
1190 2644 1227 2678 ot
1260 2639 1452 2681 instituta
1480 2653 1575 2679 san-
