1644 2886
514 99 596 141 DE
631 96 908 144 LEGIBUS
942 104 1024 140 etc.
1294 94 1414 138 XIX

61 217 168 260 haec
207 215 383 271 quidem
426 229 612 270 usque
651 212 715 255 ad
755 213 963 254 exitum
1003 210 1139 254 libri
1170 208 1422 253 secundi.

62 275 156 317 Iam
196 288 300 316 vero
331 272 400 315 his
431 271 660 328 explicatis
690 269 818 313 facile
850 269 948 325 quis
978 267 1277 325 expectaverit
1304 266 1423 310 simi-

61 332 160 374 liter
197 330 405 386 deinceps
447 332 579 372 etiam
609 327 663 371 de
693 327 850 371 ceteris
881 326 1114 369 virtutibus
1148 324 1423 382 disputatum

61 389 129 443 iri,
190 389 417 430 raesertim
448 402 579 443 quum
609 385 732 428 Libr.
766 385 800 425 1.
830 400 872 439 p.
906 385 1001 427 631.
1033 385 1088 426 A.
1121 383 1215 426 632.
1246 381 1300 425 Ε.
1334 381 1423 423 tale

62 446 138 502 qui
213 445 505 502 significatum
544 441 760 485 videatur.
827 442 892 482 At
930 441 1045 483 enim
1076 455 1179 483 vero
1211 438 1332 496 quod
1359 438 1423 482 ibi

61 520 104 560 p.
136 504 234 546 632.
275 503 329 545 E.
370 501 580 558 scriptum
618 499 781 558 legitur
808 504 912 555 post
940 497 1244 540 fortitudinem
1273 502 1424 552 ἕτερον

61 563 138 604 καὶ
167 563 309 610 αύῦις
339 564 488 613 ἕτερον
516 558 676 612 ἀρετῆς
705 555 826 605 εἶδος
853 554 1120 598 illustratum
1149 556 1226 610 iri,
1259 554 1307 597 id
1334 569 1422 597 non

61 619 124 660 ita
162 616 466 673 accipiendum
512 620 603 669 est,
636 628 688 656 ac
719 612 757 654 si
787 613 975 669 scriptor
1012 612 1284 668 promiserit,
1324 625 1423 655 sese

62 675 260 732 singulas
299 674 480 717 virtutes
523 671 732 715 continuo
775 669 928 712 ordine
958 684 1010 711 ex
1042 669 1281 712 loraturum
1311 683 1422 723 esse,

62 748 118 775 ex
145 745 380 786 earumque
420 730 463 772 vi
501 736 545 771 et
571 734 730 772 natura
759 726 970 783 deinceps
1032 733 1420 780 emonstraturum,

63 789 213 844 quales
251 788 373 845 leges
403 798 510 837 ⁴esse
538 785 751 839 debeant,
792 785 951 840 quibus
981 785 1158 841 optimis
1201 798 1338 826 usura
1362 784 1423 826 sit

61 845 318 903 respublica.
391 842 525 898 Quod
565 843 603 886 si
640 843 722 899 qui
761 842 846 885 sibi
883 848 1211 899 persuaserunt,
1241 847 1292 883 ut
1319 841 1424 884 fecit

60 918 166 954 sane
207 902 466 945 Zellerus
509 900 637 945 Stud.
679 900 852 942 Platon.
883 916 926 956 p.
957 901 1024 942 24.
1056 914 1179 955 sqq„
1208 899 1240 941 ii
1270 897 1423 941 viden-

61 967 133 1003 tur
180 960 339 1002 iniuria
385 975 410 1002 a
463 959 649 1002 Platone
697 964 904 1012 tanquam
955 956 1150 1000 debitum
1201 955 1422 1013 quoddam

63 1017 280 1075 exegisse,
313 1016 431 1072 quod
449 1016 569 1059 nullo
598 1014 728 1058 modo
758 1014 1017 1072 promiserit.
1077 1014 1192 1058 Nam
1222 1014 1294 1057 hic
1325 1013 1422 1069 qui-

62 1075 175 1129 dem,
206 1074 283 1117 ubi
301 1089 392 1122 rem
412 1079 615 1117 accurate
634 1073 852 1126 aestimes,
885 1070 995 1113 nihil
1015 1070 1258 1128 spopondit
1287 1070 1421 1124 aliud,

62 1148 193 1188 quam
231 1131 349 1187 quod
389 1132 444 1174 ab
485 1146 536 1173 eo
575 1145 729 1173 revera
776 1129 1034 1185 praestitum
1075 1144 1170 1173 esse
1209 1143 1280 1172 res
1326 1128 1341 1170 i
1375 1143 1423 1171 sa

61 1189 270 1244 loquitur.
339 1189 548 1231 Promisit
585 1188 707 1230 enim·
738 1186 823 1229 hoc
860 1201 1018 1241 unum,
1058 1187 1170 1230 velle
1220 1200 1268 1229 se
1351 1192 1424 1228 ata

63 1246 391 1303 opportunitate
441 1246 648 1302 persequi
686 1244 879 1300 reliqua,
901 1258 1023 1299 ‘quae
1042 1243 1112 1286 -de
1144 1243 1303 1287 ceteris
1335 1243 1421 1285 vir—

62 1304 230 1359 tutibus
266 1302 527 1359 explicanda
563 1303 665 1344 sint.
736 1301 893 1356 Itaque
921 1302 1098 1343 tertio
1142 1301 1314 1354 libro,
1342 1316 1422 1357 po·

63 1366 290 1415 steaquam
328 1359 530 1402 absoluta
569 1365 636 1402 est
678 1359 731 1402 de
781 1358 1041 1400 educatione
1090 1373 1142 1401 ac
1169 1357 1424 1416 'disciplina

62 1418 229 1460 musica
265 1415 532 1473 disputatio,
575 1425 755 1472 repente
774 1415 1006 1458 transitur
1045 1415 1102 1458 ad
1140 1415 1227 1458 alia
1264 1415 1420 1458 omnia.

63 1475 279 1519 Narratur
315 1474 430 1517 enim
461 1480 670 1532 protenus
704 1473 758 1516 de
797 1473 1013 1515 variarum
1051 1471 1277 1516 civitatum
1306 1479 1422 1528 ortu,

93 1531 382 1575 ubernatione
422 1538 467 1574 et
503 1532 704 1586 fortuna,
750 1530 1041 1586 institutaque
1093 1532 1422 1587 comparatione

63 1548 247 1632 docetur
275 1595 438 1632 statum
468 1596 513 1632 et
540 1590 758 1645 fortunam
790 1603 938 1630 earum
969 1603 1192 1644 nunquam
1223 1604 1313 1631 non
1346 1595 1423 1631 aut

63 1647 382 1703 prosperiorem
426 1653 503 1694 aut
541 1646 826 1689 infeliciorem
878 1646 1102 1700 extitisse,
1146 1646 1294 1703 prouti
1341 1646 1422 1688 im-

63 1711 290 1762 perantes,
342 1705 435 1748 sive
483 1704 647 1747 fuerint
670 1703 759 1746 ·illi
811 1703 1033 1760 'principes
1079 1709 1141 1746 et·
1163 1718 1292 1761 reges
1330 1704 1422 1746 sive

62 1761 294 1804 universus
333 1761 548 1818 populus,
578 1767 656 1804 aut
684 1760 999 1804 moderatiores
1030 1775 1082 1803 ac
1110 1760 1422 1818 temperantio-

62 1833 133 1862 res
167 1825 245 1863 aut
281 1818 653 1862 immoderatiores
697 1818 872 1861 fuerint.
932 1814 1155 1872 Quocirca
1181 1818 1250 1861 his
1282 1819 1421 1861 omni-

63 1876 146 1918 bus
184 1876 462 1928 ostenditur,
505 1876 635 1919 etiam
681 1875 910 1933 imperium
957 1890 1101 1930 rerum
1147 1876 1423 1932 publicarum

64 1932 149 1975 hoc
187 1932 347 1975 habere
385 1932 569 1986 debere,
608 1939 659 1975 ut
693 1933 751 1975 sit
786 1939 1034 1988 temperans
1064 1939 1109 1975 et
1136 1948 1164 1975 a
1192 1948 1330 1989 prava
1356 1933 1422 1976 lu-

65 1988 213 2032 bidine
250 1989 450 2032 alienum.
518 1989 653 2043 Quod
690 1990 790 2044 quis
829 1995 898 2031 est
937 1989 1043 2044 quin
1082 1989 1198 2032 ultro
1233 1990 1422 2033 fateatur

64 2046 149 2090 hoc
178 2046 274 2103 ipso
303 2047 401 2089 loco
429 2045 526 2088 fieri
553 2045 808 2102 aptissime?
867 2045 1044 2103 Quippe
1083 2046 1195 2088 nihil
1220 2046 1422 2103 profecto

66 2103 123 2146 ad
167 2119 257 2146 rem
305 2104 445 2160 ipsam
497 2104 605 2161 fingi
653 2109 803 2160 potest
848 2103 1242 2159 accommodatiuS,
1292 2121 1421 2162 quam

67 2159 188 2216 quod
220 2160 280 2203 'de
321 2161 549 2203 civitatum
590 2167 708 2203 statu
740 2167 785 2203 et
814 2161 997 2217 imperio
1028 2160 1300 2218 disputatur,
1342 2171 1420 2219 po-

65 2224 291 2273 steaquam
331 2218 386 2261 de
418 2218 619 2261 civilibus
658 2233 805 2277 earum
834 2218 1069 2261 virtutibus
1099 2219 1316 2274 primariis
1347 2236 1420 2263 ex·

65 2275 275 2331 plicatum
315 2281 394 2318 est.
468 2275 600 2330 Quod
638 2282 783 2318 autem
812 2282 906 2318 tota
943 2290 1015 2319 res
1043 2276 1325 2320 collustratur
1355 2278 1420 2320 hi-

66 2333 229 2376 storiae
269 2332 393 2388 luce,
437 2333 774 2389 prudentissime
810 2332 894 2376 hoc
931 2333 1094 2376 factum
1131 2340 1338 2391 putamus
1376 2336 1421 2378 in

68 2405 120 2433 eo
150 2405 296 2447 opere,
325 2389 444 2446 quod
473 2396 613 2433 totum
645 2389 698 2433 ad
720 2405 862 2433 rerum
881 2389 1166 2434 humanarum
1194 2393 1421 2448 experien-

67 2446 171 2490 tiam
206 2454 341 2502 atque
378 2448 493 2491 vitae
530 2447 772 2490 communis
817 2463 945 2490 usum
993 2455 1292 2506 comparatum
1343 2457 1421 2493 est.
1471 2485 1473 2487 .

71 2503 224 2558 Itaque
261 2520 344 2547 nec
385 2505 430 2546 in
470 2504 538 2548 his
578 2521 763 2561 usquam
803 2504 1103 2549 desideramus
1139 2507 1302 2549 iustum
1331 2506 1421 2550 dis-

69 2561 307 2616 putationis
337 2561 532 2604 ordinem
562 2568 694 2618 atque
723 2577 1018 2618 progressum,
1048 2563 1153 2606 licet
1180 2563 1252 2606 ille
1282 2562 1421 2621 primo

69 2616 281 2673 adspectu
309 2619 439 2662 alicui
477 2625 595 2662 totus
633 2619 785 2662 deesse
826 2619 1025 2663 videatur
1043 2621 1188 2675 sitque
1220 2622 1421 2664 transitio

68 2673 122 2716 ad
153 2674 305 2717 harum
336 2691 475 2719 rerum
502 2677 820 2732 expositionem
839 2677 992 2733 utique
1022 2678 1169 2734 paullo
1203 2678 1419 2723 audacior.

1064 2747 1154 2787 B.
