1644 2886
257 122 334 163 196
729 120 1110 162 PLATONIS

255 248 341 274 νων
376 236 505 275 πλέον
544 230 569 283 ἢ
606 232 875 284 πεντήκοντα
912 231 1015 284 ἄξια
1049 236 1252 289 δραχμῶν
1280 237 1475 286 ἐσθῆτος
1505 235 1584 289 χοὶ-

255 314 350 354 ριν,
385 295 408 340 ὁ
447 299 491 339 δὲ
525 299 665 352 μνᾶς,
710 296 734 340 ὀ
771 300 816 341 δὲ
851 300 984 353 τριῶν
1021 297 1289 354 ἡμιμναίων,
1329 297 1352 342 ὁ
1393 301 1437 341 δὲ
1469 301 1585 343 δυεῖν

254 367 409 417 μναῖν,
457 360 480 404 ὁ
526 359 576 404 τὸ
621 367 824 416 μέγιστον
866 366 1031 417 τίμημα
1077 371 1332 418 κεκτημένος
1379 364 1589 421 ὀφειλέτω

254 429 334 482 μὲν
379 427 438 479 τῷ
481 429 672 482 δημοσίῳ
717 430 934 472 τοσοῦτον
977 434 1144 485 ἕτερον,
1190 429 1240 472 τὸ
1292 432 1336 473 δὲ
1374 432 1523 473 »δοθὲν
1558 428 1584 480 ἢ

255 492 436 548 ληφθὲν
469 490 588 546 ἱερὸν
623 496 731 536 ἔστω
768 496 846 546 τῆς
870 493 1017 548 ’Ἠρας
1052 512 1096 537 τε
1121 499 1192 537 καὶ
1214 498 1290 538 τοῦ
1315 494 1427 544 Διός,
1449 511 1586 550 πρατ-

254 555 422 600 τόντων
466 559 510 600 δὲ
555 562 598 601 οἱ
642 563 793 615 ταμίαι
829 559 1005 603 τούτοιν
1043 568 1135 603 τοῖν
1173 565 1323 610 θεοῖν,
1376 559 1586 614 καθάπερ·

206 651 208 654 -
256 619 434 679 ἐῤῥήθη
469 625 556 665 τῶν
589 624 649 678 μὴ
688 624 948 679 γαμούντων
983 632 1075 678 πέρι
1103 625 1205 676 τοὺς
1229 630 1384 681 ταμίας
1402 626 1585 681 ἑκπροὶτᾈ

257 703 348 731 τειν
391 686 598 733 ἑκάστοτε
646 689 750 740 τοὺς
791 692 870 742 τῆς
902 689 1049 744 ’Ὴρας
1086 690 1110 742 ἢ
1152 691 1257 745 παρ’

254 769 384 803 στους
426 752 508 804 τὴν
551 757 706 810 ζημίαν
741 760 930 799 ἐκτίνειν.
997 755 1180 810 Ἐγγύην
1214 760 1258 799 δὲ
1289 757 1398 805 εἶναι
1433 761 1586 812 κυρίαν

255 817 422 875 πατρὸς
464 822 544 872 μὲν
592 823 794 877 πρῶτον,
843 824 1048 877 δευτέραν
1093 822 1299 872 πάππου,
1345 825 1494 876 τρίτην
1542 825 1585 864 δὲ

1308 690 1454 733 αὐτῶν
1489 691 1586 734 ἐκοί-

353 990 371 1023 ό
401 992 443 1024 δὲ
472 992 598 1031 μνᾶς,
633 989 651 1023 ὁ
678 991 719 1023 δὲ
753 993 830 1034 τρ.]
858 992 949 1024 Male
976 994 1076 1034 urigo
1105 991 1122 1024 ὁ
1151 994 1209 1031 μὲν
1235 995 1334 1032 μνᾶς,
1360 994 1450 1034 quod
1477 1004 1519 1026 ex
1550 998 1583 1024 A.

259 1039 296 1071 Ξ.
326 1036 363 1069 Ω.
389 1049 419 1068 v.
446 1037 467 1068 f.
495 1037 524 1069 h.
551 1047 577 1068 r.
604 1048 634 1068 a.
661 1047 689 1069 c.
717 1047 748 1069 o.
775 1037 802 1068 δ.
830 1038 1093 1070 emendavimus.
1144 1038 1192 1070 De
1214 1041 1369 1070 universo
1386 1040 1463 1070 loco
1491 1040 1584 1080 plura

257 1084 289 1114 in
315 1087 464 1115 enarrat.

350 1125 465 1159 δυεῖν
489 1128 633 1167 μναῖν]
660 1127 719 1159 Sic
745 1128 789 1162 A,
822 1137 846 1158 r.
871 1138 901 1158 a.
931 1134 963 1159 et
989 1138 1037 1168 pr.
1069 1125 1106 1158 52.
1134 1138 1194 1167 pro
1222 1129 1311 1169 vulg.
1340 1126 1438 1158 δυοῖν
1462 1138 1513 1165 μν.

259 1271 291 1301 ρ.
317 1259 396 1295 330.
425 1263 464 1292 Α.
514 1260 618 1294 Quod
654 1262 710 1301 qui
742 1269 807 1292 nou
834 1260 889 1292 iia-

258 1306 366 1338 buere
390 1306 578 1347 cognitum,
603 1305 623 1337 ii
639 1306 793 1346 pessimo
810 1314 890 1336 con-

959 1260 1062 1292 ceteri
1111 1260 1266 1292 similiter
1313 1270 1373 1301 pro
1421 1260 1588 1293 bonorum

959 1315 1097 1337 suorum
1115 1305 1262 1343 ratione3
1280 1305 1346 1337 hoc
1359 1305 1448 1337 enim
1464 1308 1587 1346 sponte

259 1350 334 1383 silio
375 1349 538 1392 deinceps
573 1360 635 1392 pro
666 1349 685 1381 ὁ
722 1350 763 1382 δὲ
793 1353 891 1391 μνᾶς,

258 1393 350 1436 quod
374 1395 661 1436 praestantissimi
688 1395 814 1436 quique
838 1398 890 1426 tu-

259 1444 358 1472 entur
385 1440 481 1480 iibri,
514 1441 557 1472 de
591 1450 656 1471 suo
681 1440 891 1480 scripserunt

259 1483 276 1515 ὁ
303 1484 375 1526 μὲν
397 1488 496 1526 μνᾶς,
542 1486 593 1516 At
618 1484 773 1516 nimirum
802 1483 889 1515 istud

258 1530 294 1560 δὲ
317 1529 362 1561 ob
387 1539 605 1571 suppressum
639 1527 656 1560 ὁ
689 1530 745 1568 μέν
781 1529 888 1560 infer-

256 1580 313 1606 tur
336 1574 494 1615 profecto
526 1574 729 1606 rectissime.
779 1577 891 1613 Atque

258 1618 309 1652 his
346 1619 391 1650 ita
431 1619 601 1651 restitutis
644 1623 679 1650 et
721 1622 892 1650 commate

257 1666 338 1701 ante
367 1662 529 1704 ὀφειλέτω
562 1667 742 1705 praeterea
779 1662 890 1694 subla·

258 1712 317 1748 to,
356 1708 514 1741 videmur
543 1709 655 1740 iocum
686 1717 828 1750 prorsus
856 1707 890 1738 in

256 1753 425 1794 integrum
462 1753 674 1792 restituisse,
714 1752 756 1784 ad
790 1761 890 1793 quem

258 1797 516 1840 intelligendum
555 1798 706 1830 Astius
745 1796 893 1838 putabat

259 1842 395 1885 Oedipo
440 1843 638 1876 coniectore
678 1851 764 1883 opus
803 1851 892 1873 esse.

258 1886 432 1920 Nimirum
458 1886 511 1919 hic
536 1886 624 1919 adeo
648 1886 681 1918 in
694 1886 797 1919 verba
812 1885 890 1917 Pia-

259 1931 350 1964 tonis
396 1936 575 1974 grassatus
609 1935 681 1971 est,
729 1935 777 1962 ut.
806 1931 890 1962 ista.

259 1977 411 2017 ἐσθῆτος
423 1975 603 2020 χάριν-μό
622 1976 656 2008 δὲ
671 1976 761 2008 δυεῖν
776 1978 889 2016 μναῖν,

260 2031 323 2064 pro
350 2022 472 2063 spuriis
486 2020 640 2054 habuerit
655 2019 804 2062 ideoque
829 2029 889 2051 un-

260 2066 344 2099 cinis
368 2077 388 2098 a
410 2067 541 2108 reliqua
571 2064 725 2098 oratione
751 2074 890 2117 separa·

260 2113 358 2143 verit.
408 2110 472 2143 Est
502 2115 619 2144 autem
653 2110 800 2142 universi
826 2109 890 2141 ioci

260 2155 429 2188 sententia
454 2154 552 2188 haecz
585 2154 656 2196 qui
680 2163 786 2186 vero
811 2163 888 2185 non

262 2203 406 2242 paret,
437 2199 498 2232 ita
533 2203 576 2232 ut
616 2203 686 2231 aut
717 2197 790 2231 det
820 2200 886 2230 vei

261 2244 465 2286 accipiat
501 2243 763 2276 vestimenti
795 2253 882 2284 gra·

262 2289 344 2328 tia,
392 2287 504 2330 quod
549 2288 733 2330 pretium
774 2288 886 2328 quin—

261 2333 469 2376 quaginta
499 2332 795 2366 drachmarum
821 2342 887 2364 ex-

263 2382 463 2420 superet,
494 2381 565 2410 aut
593 2376 703 2419 quod
734 2376 887 2409 minam

263 2421 473 2463 excedat,
503 2425 578 2454 aut
611 2420 726 2463 quod
753 2421 891 2453 tribus

263 2468 403 2501 minae
441 2466 634 2499 dimidiis
672 2469 746 2499 aut
783 2464 890 2498 dus.—

262 2514 358 2545 bus·
390 2511 519 2545 minis
567 2512 661 2552 pius
709 2510 787 2551 sit,
836 2510 889 2551 is,

261 2566 387 2599 quum
413 2556 634 2589 maximum
659 2553 887 2587 habetcen-

259 2611 371 2641 sum,
396 2599 573 2634 aerario
599 2599 778 2642 publico
803 2599 887 2631 sol-

258 2647 351 2678 vito
390 2646 571 2679 alterum
620 2648 784 2677 tantum
814 2644 886 2685 >(et

959 1350 1193 1391 intelligitur);
1227 1350 1368 1382 datum
1394 1360 1492 1382 vero
1518 1350 1585 1381 vei

959 1399 1142 1426 sumtum
1192 1395 1349 1426 Iunoni
1403 1400 1445 1426 et
1492 1394 1587 1426 lovi

958 1448 1121 1471 sacrum
1156 1445 1258 1471 esto.
1317 1439 1449 1471 Etenim
1485 1439 1586 1471 Plato

958 1484 1091 1516 videtur
1124 1485 1154 1515 in
1187 1483 1238 1516 his
1271 1484 1315 1516 ob
1340 1486 1459 1515 ocutos
1483 1483 1585 1516 habu-

957 1529 1025 1560 isse
1072 1530 1182 1568 legem
1224 1529 1382 1568 Solonis,
1432 1528 1474 1560 de
1512 1532 1585 1568 'qua

962 1574 1230 1605 Hei-manuus
1270 1574 1482 1614 Antiquitatt.
1522 1575 1584 1605 Gr.

961 1618 990 1658 ξ.
1018 1618 1094 1651 122.
1122 1618 1168 1657 2.,
1201 1628 1264 1659 qua
1292 1623 1430 1651 ornatus
1455 1623 1585 1650 tantum

958 1672 1124 1704 sponsae,
1160 1672 1225 1694 uon
1263 1663 1355 1695 dotis
1388 1663 1587 1703 magnitudo

958 1707 1238 1748 restringebatur.
1264 1707 1291 1739 1
1296 1708 1407 1748 egitur
1422 1708 1476 1739 illa
1493 1707 1584 1740 Plu-

958 1751 1094 1783 tarch.
1122 1751 1194 1784 Sol.
1222 1762 1250 1783 c.
1275 1752 1336 1786 2οι
1370 1752 1434 1783 τῶν
1470 1751 1501 1783 δ’

959 1797 1024 1827 λων
1055 1795 1172 1838 γάμων
1202 1795 1317 1836 ἀφεῖλε
1348 1796 1410 1832 τὰς
1447 1796 1585 1848 φερνάς,

961 1839 1114 1883 ἱμάτια
1146 1841 1242 1880 τρία
1274 1853 1342 1873 και
1376 1839 1500 1880 σκεύη
1525 1854 1582 1883 μι-

957 1888 1043 1924 κροῦ
1068 1885 1280 1926 νομίσματος
1311 1884 1390 1919 ἄξια
1414 1883 1585 1925 κελεύσας,

956 1929 1069 1972 ἕτερον
1093 1931 1125 1962 δὲ
1149 1929 1254 1972 μηδὲν
1276 1930 1500 1972 ἐπιφέρεσθαι
1522 1929 1586 1970 τὴν

956 1975 1182 2017 γαμουμένην.
1223 1975 1344 2015 Itaque
1369 1975 1492 2016 etipse
1505 1984 1583 2007 san·

956 2021 1008 2051 xit
1051 2019 1166 2060 quasi·
1195 2020 1358 2051 terminos
1400 2020 1584 2060 quosdam,

957 2065 1042 2096 ultra
1075 2073 1162 2104 quos
1191 2063 1252 2096 hac
1285 2064 1316 2095 iu
1351 2074 1389 2095 re
1425 2063 1585 2105 progredi

956 2118 1023 2141 non
1046 2108 1176 2141 liceret.
1222 2107 1398 2140 Tractavit
1421 2108 1509 2141 hunc
1534 2110 1583 2142 Ιο-

957 2163 1034 2185 cum
1067 2153 1168 2184 etiam
1200 2152 1584 2186 WinckeImannus

957 2197 999 2231 ad
1038 2196 1210 2230 Plutarch.
1251 2198 1404 2229 Amator.
1442 2209 1475 2239 p.
1507 2197 1584 2232 172.

957 2251 1022 2275 uon
1048 2246 1157 2275 tamen
1181 2241 1295 2273 addita
1320 2241 1394 2274 eius
1418 2242 1584 2285 iuterpre-

956 2287 1099 2320 tatione.
1126 2286 1261 2318 Etenim
1289 2287 1411 2327 probat
1427 2288 1482 2320 iiie
1496 2297 1583 2328 quo-

956 2341 1023 2372 que
1058 2331 1221 2363 librorum
1257 2332 1460 2372 scripturam
1497 2331 1516 2363 ὁ
1548 2333 1584 2363 δὲ

955 2379 1058 2418 μνᾶς-,-
1092 2379 1162 2408 tum
1208 2383 1289 2407 vero
1329 2375 1582 2409 distinctionem

956 2424 1036 2462 post
1068 2419 1159 2451 δυεῖν
1191 2422 1292 2461 μναῖν
1326 2421 1495 2453 removeri
1531 2420 1582 2453 iu-

956 2466 1032 2504 bet,
1057 2463 1099 2496 de
1122 2473 1190 2505 quo
1218 2473 1293 2496 cum
1320 2464 1395 2506 ipso
1420 2465 1582 2498 dissenti-

956 2518 1050 2548 mus3
1081 2507 1228 2549 denique
1260 2513 1340 2550 post
1361 2509 1510 2552 δημοσίῳ
1538 2518 1582 2541 ex

956 2553 1030 2586 cod.
1055 2553 1190 2592 Voss.‚.
1211 2556 1249 2585 ut
1283 2554 1349 2606 ait,
1377 2554 1582 2596 interposuit

957 2597 1110 2634 ἕκαστος,
1147 2599 1180 2629 in
1215 2607 1283 2639 quo
1313 2598 1418 2630 falsus
1450 2602 1502 2632 cst
1531 2599 1582 2631 vir

955 2641 1187 2684 doptissimus.
1246 2642 1329 2675 Nam
1369 2643 1476 2676 codex
1514 2643 1580 2683 iiie,
