1644 2886
259 106 340 145 414

736 103 1112 147 PLATONIS

363 221 462 261 ΚΛ.
533 217 716 273 Σχεδόν,
749 211 780 259 ὦ
814 218 913 269 ξένε,
934 218 1079 281 ὀὐδὲν
1099 216 1208 263 ἄλλο
1234 237 1292 273 γε,
1326 221 1437 273 πλὴν
1455 226 1585 267 τοῦτο

257 283 391 333 αὑτό,
427 282 451 326 ὃ
489 283 541 325 σὺ
578 287 656 326 νῦν
686 284 918 340 ’ἕφθ-εγξαι.

527 351 578 392 Τι’
623 343 726 401 oiim
773 348 822 392 τὸ
869 351 946 401 τῆς
989 348 1153 400 πόλεως
1198 349 1301 402 ἡμῖν
1333 352 1523 408 μάχιμον
1560 353 1586 406 ἢ

356 350 449 391 ΑΘ.

252 414 398 470 χεῖρόν
434 431 474 456 τι
509 417 958 472 παρασκευασάμενον
990 416 1077 458 τῶν
1107 417 1316 461 τοιούτων
1334 417 1588 472 ἀγωνιστῶν

347 553 708 594 διαμαχούμενοι-
747 554 845 595 τιερὶ
882 557 1020 595 ψυχῆς
1060 553 1122 595 τε]
1162 554 1200 585 V.
1243 554 1514 598 διαμαχόμενον,
1549 561 1587 589 ut

256 596 450 630 Schneider.
479 609 617 640 quoque
642 597 748 637 dedit,
773 598 863 639 quod
890 610 931 632 ex
958 599 1038 631 Vat.
1069 597 1107 630 Ω.
1134 609 1222 631 corr.
1250 603 1284 632 et
1315 601 1388 632 Vat.
1418 612 1443 633 r.
1471 611 1585 633 emen-

256 643 386 675 datum.
421 644 548 690 Verum
576 643 770 676 coniectura
796 649 999 686 assequutus
1023 643 1218 686 Stephanus
1244 650 1326 677 erat.
1361 646 1448 678 D‘rin
1465 647 1584 688 vulgo:

256 766 284 787 κ.
312 765 337 785 τ.
365 755 391 786 λ.
428 754 514 786 Hinc
543 757 734 793 σκιαμαχεῖν
760 758 794 786 et
810 755 887 787 Lat.

256 810 346 831 cum
381 800 528 831 umbra
562 808 759 839 pugnare
786 801 886 832 etiam

256 845 515 886 proverbialiter
541 844 667 875 dicitnr
694 843 736 875 de
752 844 806 885 iis,
833 845 888 885 qni

256 901 339 922 vana
366 891 482 932 specie
509 889 616 920 delusi
651 889 778 929 aliquid
813 901 890 923 mo·

257 936 383 967 liuntur
424 935 637 974 inaniterque
669 935 793 973 aliquid
837 936 889 971 far

258 982 359 1011 ciunt.
396 990 426 1010 v.
459 979 501 1011 ad
539 979 636 1020 Apol.
667 978 765 1011 socr.
796 990 823 1011 c.
857 980 890 1013 2.

259 1037 291 1066 p.
319 1025 373 1058 19.
401 1025 444 1057 D.
496 1024 546 1055 Ex
577 1033 645 1064 qno
677 1024 817 1066 intelligi
852 1026 890 1057 li-

256 1071 366 1109 cebit,
392 1080 451 1101 cnr
477 1069 528 1099 bic
554 1067 661 1100 ὅντως
686 1074 888 1110 apponatur.

258 1116 404 1156 Proprio
437 1115 524 1146 enim
558 1124 662 1146 sensu
695 1124 781 1146 nnnc
813 1125 888 1148 ver-

255 1161 334 1192 bum
365 1160 512 1202 ponitur.
561 1160 652 1192 Nihil
682 1160 772 1192 aliud
805 1170 887 1192 vero

255 1207 302 1238 ait
335 1216 415 1237 esse
453 1205 555 1236 etiam
596 1202 632 1235 τὸ
669 1210 888 1246 χειρονομεῖν,

256 1251 286 1285 n.
313 1261 343 1283 e.
373 1250 624 1284 artificiososin
644 1252 799 1292 pugilatu
826 1262 887 1291 ge-

254 1301 328 1328 stus
377 1298 511 1334 facere,
563 1305 630 1336 qno
673 1295 888 1328 declinentur

254 1341 527 1373 adversariorum
559 1341 661 1372 ictus.
693 1341 797 1374 .Nam
823 1341 888 1374 hoc

252 1397 356 1419 sensu
382 1386 586 1418 vocabulum
613 1395 699 1418 nunc
715 1388 887 1429 pccipien-

253 1433 333 1464 dum
361 1436 426 1472 est,
451 1430 542 1471 quod
569 1431 647 1462 alibi
674 1432 811 1464 omnino
837 1432 887 1464 di-

253 1479 339 1509 citur
368 1478 410 1509 de
439 1475 562 1516 quovis
596 1477 781 1508 artificioso
814 1488 885 1509 ma-

253 1532 354 1554 nuum
382 1526 416 1555 et
443 1519 658 1553 brachiorum
687 1526 796 1561 motu,
823 1523 886 1555 eti-

252 1577 307 1600 am
340 1567 373 1599 in
406 1577 443 1598 re
467 1566 612 1597 scenica.
647 1576 676 1597 ν.
707 1567 884 1598 Valcke-

253 1622 341 1644 nar.
376 1611 418 1643 ad
452 1610 625 1642 Herodot.
651 1612 711 1644 Vl.
737 1612 815 1645 129.
842 1611 883 1642 Τ.

253 1658 314 1689 vl.
334 1656 374 1690 P.
391 1657 421 1688 Ι.
439 1655 548 1697 p.249
562 1665 611 1696 sq.
627 1655 679 1687 ed.
697 1655 882 1697 Schweigb.

252 1700 552 1744 Wyttenbach.
594 1701 635 1732 nd
670 1702 762 1733 Plut.
793 1701 882 1733 Mor.

252 1747 295 1781 T.
329 1747 385 1779 VI.
419 1746 459 1780 P.
484 1746 512 1777 P.
545 1757 577 1787 p.
602 1745 682 1780 814.
715 1746 883 1778 Salma-

252 1794 346 1824 sius
381 1792 423 1823 nd
457 1790 592 1831 Vopisci
619 1791 732 1823 Carin.
756 1802 790 1832 p.
817 1791 884 1825 830

253 1849 325 1879 sqq.
348 1838 404 1869 De
425 1837 622 1879 χειρονομίᾳ
647 1837 799 1878 pugilum
828 1847 883 1868 sa-

253 1883 297 1915 tis
330 1883 393 1915 erit
425 1882 583 1914 laudasse
610 1882 835 1914 Krausium
862 1883 882 1913 l.

253 1940 280 1962 c.
308 1939 341 1970 p.
367 1928 434 1962 509
460 1938 509 1968 sq.

300 1993 346 2026 τὸ
392 1995 465 2036 τῆς
504 1992 669 2025 πόλεως
700 1989 884 2031 -“μα’χι-

253 2041 351 2082 μον]
379 2051 474 2082 pars
502 2039 706 2071 civitatis
738 2037 786 2069 ad
814 2047 882 2078 pu-

252 2096 373 2129 gnam
400 2085 551 2117 idonea
577 2095 604 2116 s.
632 2083 851 2116 militaris.

299 2154 337 2184 Ι).
395 2153 461 2183 καὶ
503 2153 628 2183 ταῦτα
662 2148 710 2192 δὴ
745 2150 877 2190 φοβη-

251 2198 346 2230 θεὶς
370 2198 435 2239 -]
461 2201 593 2237 atque
619 2196 720 2228 baec
745 2197 879 2237 igitur

251 2253 408 2276 verens
439 2252 585 2274 eorum
624 2242 877 2283 legislator,

251 2298 298 2322 ne
324 2288 505 2320 scilicet
530 2286 878 2320 exercitationes

250 2334 529 2373 intes-,ipsos
576 2330 878 2364 instituendae

250 2378 514 2419 quibusdam
554 2378 786 2410 videantur
824 2375 877 2407 ri-

249 2425 439 2461 diculae,
465 2423 731 2455 intermittet
756 2430 878 2464 prae-

249 2469 467 2507 scribere,
505 2471 550 2500 ut
586 2468 783 2501 militiam
820 2466 878 2496 fa-

249 2515 387 2554 ciant,
413 2513 563 2546 iubens
587 2514 770 2547 maxime
794 2511 876 2552 qui-

249 2559 338 2592 dem
393 2558 592 2600 quotidie
649 2559 878 2591 minores

249 2604 607 2636 exercitationes
631 2605 724 2636 sine
748 2601 878 2635 srmis

248 2649 344 2680 fieri
385 2653 520 2690 atque
555 2648 606 2681 ad
656 2659 740 2682 earn
791 2657 877 2679 rem

952 753 1112 793 'choros
1137 763 1392 796 omnemque
1415 765 1585 799 gymna-

956 799 1111 832 ericam
1149 801 1435 840 comparans¹.e
1473 806 1584 833 cete-

955 854 1023 876 ras
1062 847 1201 876 antem
1240 845 1428 876 maiores
1477 847 1584 884 pari-

957 896 1023 921 ter
1047 895 1175 930 utque
1200 891 1386 922 minores
1413 891 1584 923 exerci-

957 935 1149 966 tationes
1174 944 1252 966 non
1282 935 1428 966 rarius
1453 945 1581 976 quam

957 980 1144 1020 singulis
1191 980 1414 1011 mensibus
1461 981 1583 1012 insti-

958 1025 1019 1055 tui
1051 1023 1239 1064 iubebit,
1275 1025 1337 1056 ita
1373 1029 1417 1056 nt
1448 1030 1583 1057 certa-

956 1070 1067 1101 mina
1091 1069 1205 1100 inter
1230 1079 1275 1101 se
1306 1070 1585 1101 committant

957 1124 1037 1155 per
1068 1114 1316 1146 universam
1349 1115 1583 1155 regionem,

957 1163 1178 1191 certantes
1211 1159 1248 1190 in
1281 1159 1584 1203 expugnandis

957 1203 1166 1236 castellis
1190 1204 1504 1245 struendisqne
1529 1205 1583 1236 in·-

957 1249 1100 1288 sidiis,
1119 1258 1364 1290 omnemque
1389 1260 1472 1282 rem
1498 1251 1581 1282 bel-

955 1295 1077 1326 licam
1133 1303 1278 1326 revera
1332 1295 1582 1334 imitantes,

953 1344 1085 1380 atque
1123 1339 1225 1379 pilis
1267 1343 1341 1370 ctr.
1413 1335 1583 1372 periodus

953 1385 1068 1416 multis
1118 1383 1281 1425 impedita
1328 1385 1582 1416 difficultatibus

952 1440 1004 1467 ac,
1027 1429 1126 1460 sicuti
1154 1429 1298 1466 videtur,
1323 1431 1424 1462 etiam
1443 1431 1584 1462 maculis

952 1474 1154 1516 quibusdam
1201 1475 1449 1513 contaminata,
1499 1484 1582 1515 quas

953 1520 1161 1552 abstersisse
1188 1518 1334 1551 nonnihil
1366 1523 1458 1551 certe
1484 1519 1580 1551 iuva-

953 1565 1003 1596 bit
1037 1563 1079 1595 ad
1114 1564 1185 1596 eius
1217 1565 1485 1605 intelligentiam.
1533 1566 1582 1596 Ac

951 1609 1096 1650 primum
1128 1609 1264 1648 quidem
1304 1609 1489 1641 notandum
1527 1613 1582 1641 est

951 1652 1198 1693 anacoluthon,
1233 1663 1300 1694 quo
1326 1655 1437 1686 oratio
1463 1655 1505 1685 ab
1528 1655 1581 1686 in-

950 1699 1071 1730 stituta
1109 1698 1163 1729 via
1195 1702 1229 1730 et
1259 1699 1393 1731 ratione
1418 1703 1582 1730 avocatur

950 1753 991 1775 uc
1021 1742 1222 1776 deflectitur.
1271 1742 1357 1775 Nam
1391 1748 1470 1785 post
1494 1745 1578 1775 ista:

952 1786 1166 1829 προςιάττων
1188 1786 1328 1827 μάλιστα
1351 1787 1412 1827 μὲν
1434 1807 1474 1812 -—
1501 1788 1580 1828 ξυν-

953 1835 1086 1872 ιει’νων;
1112 1837 1207 1866 certe
1232 1833 1326 1874 pergi
1352 1833 1471 1867 debuit
1494 1833 1581 1866 bunc

951 1880 986 1911 in
1018 1878 1179 1923 modum;
1217 1876 1276 1910 tois
1306 1877 1343 1909 δὲ
1372 1898 1416 1903 -
1447 1879 1582 1919 μείζους

954 1935 986 1955 ze
1011 1925 1064 1955 καὶ
1096 1921 1255 1955 ἐλάττους
1284 1934 1380 1964 γυμν.
1411 1942 1447 1948 -—
1475 1927 1579 1955 ποιεῖ-

952 1970 1035 2001 σθαι
1077 1966 1242 2007 κελεύων;
1283 1977 1483 2009 quamquam
1529 1980 1579 2000 κε-

950 2013 1060 2046 λεύων
1106 2016 1206 2046 etiam
1254 2017 1390 2054 poterat
1447 2014 1579 2052 omitti;

950 2070 1026 2092 nam
1057 2069 1098 2091 ex
1117 2059 1327 2099 antegressis
1351 2058 1436 2090 band
1463 2059 1580 2099 inepte

949 2102 1165 2147 προςιάττων
1200 2103 1265 2136 buc
1289 2113 1426 2144 qnoque
1451 2105 1577 2135 retule-

947 2151 1005 2182 ris.
1055 2153 1098 2181 At
1123 2149 1209 2181 enim
1236 2158 1317 2181 vero
1335 2149 1470 2181 transiit
1494 2150 1579 2181 scri-

948 2201 1027 2238 ptor
1054 2195 1084 2226 in
1111 2196 1217 2226 altera
1247 2194 1412 2226 orationis
1437 2198 1534 2234 parte
1558 2204 1576 2225 a

947 2240 1113 2282 participii
1144 2249 1208 2270 usu
1248 2238 1290 2271 ad
1326 2239 1466 2270 verbnm
1504 2238 1575 2270 fini-

949 2291 1038 2324 tum,
1077 2284 1234 2324 adeoque
1271 2283 1304 2315 in
1337 2283 1446 2315 locum
1480 2287 1575 2315 ante-

947 2331 1059 2372 gressi
1077 2327 1290 2370 προςτᾰτιων
1303 2328 1483 2360 substituit
1508 2329 1574 2364 iam

947 2373 1142 2418 προετάξει,
1180 2382 1311 2406 memor
1348 2374 1481 2405 scilicet
1519 2383 1574 2405 su—

945 2420 1112 2462 perioris:
1146 2415 1211 2451 οὐκ
1242 2416 1308 2458 ἄρα
1337 2415 1573 2460 νομοθετήσει.

945 2466 1150 2507 Oportuisse
1194 2473 1275 2494 vero
1314 2464 1452 2506 proprie
1497 2463 1574 2504 poni

946 2510 1174 2552 participium,
1203 2508 1391 2541 clarissime
1414 2508 1571 2549 intelligi-

945 2561 1001 2588 tur
1025 2565 1066 2587 εκ
1094 2563 1152 2594 eo,
1188 2553 1280 2594 qnod
1318 2554 1487 2587 formulae
1510 2550 1573 2591 μά-

945 2602 1036 2633 λιστα
1076 2599 1135 2638 μέν
1171 2598 1361 2640 respondet
1399 2597 1488 2630 istud
1528 2596 1574 2634 δέ,

943 2636 1034 2687 qnod
1053 2645 1212 2686 deinceps
1228 2644 1382 2685 sequitur
1406 2645 1436 2675 in
1464 2643 1575 2674 verbis
