1644 2886
484 102 565 145 DE
598 102 878 148 LEGIBUS
911 109 992 147 ete.
1217 103 1421 146 LXXIX

44 233 154 275 ⁵guin
174 224 482 275 argumentum
504 219 583 271 sie,
616 224 666 261 ut
693 218 777 261 hac
806 217 1019 274 loquendi
1042 217 1210 261 ratione
1241 217 1421 273 saepius

50 281 168 319 esset
201 275 426 318 utendum.
487 274 602 329 Quis
632 275 746 317 enim
779 282 846 318 est
872 275 977 331 quin
1008 280 1164 331 sponte
1193 274 1419 331 largiatur,

6 333 8 336 ’
51 346 177 376 usum
207 346 356 375 eorum
387 333 626 387 nominum,
657 332 818 387 quibus
849 338 927 374 aut
957 332 1143 388 collegia
1171 338 1249 373 aut
1277 331 1418 373 socie-

0 426 5 435 ,-
51 395 165 432 tates
205 395 282 431 aut
321 390 507 445 imperia
539 396 615 431 aut
645 388 881 446 dignitates
912 397 990 431 aut
1019 388 1240 431 hominum
1274 387 1421 443 aliqua

51 445 379 489 necessitudine
401 447 736 488 coniunctorum
760 452 900 489 status
923 446 1164 503 generatim
1185 445 1419 503 designan—

50 510 138 558 tur,
170 503 316 559 legum
348 503 478 545 latori
507 518 595 544 non
630 502 760 545 modo
793 504 946 545 utilem
977 510 1110 558 atque
1143 502 1419 545 commodum

51 561 132 603 sed
173 561 303 602 etiam
344 560 639 603 necessarium
692 560 850 614 fuisse,
899 567 950 602 ut
1001 575 1051 602 eo
1101 574 1251 602 carere
1298 559 1420 601 nullo

51 616 183 660 modo
226 617 447 674 potuerit?
517 617 576 658 Et
616 617 714 671 quis
754 616 1026 660 infitiabitur-
1063 616 1249 659 eundem
1298 616 1418 658 illum

52 675 184 717 etiam
221 673 418 730 reliquae
467 673 759 729 disputationi
797 674 928 731 longe
969 689 1063 717 esse
1114 673 1420 716 accommoda-

51 732 291 785 tissimum,
335 730 499 786 quippe
541 745 628 785 qua
668 745 743 773 eae
783 745 853 773 res
893 731 981 774 sint
1011 730 1274 783 illustratae,
1306 745 1419 785 quae

51 789 218 844 absque
257 787 331 830 illo
376 788 450 830 vix
489 803 541 830 ac
580 802 635 829 ne
674 787 750 829 vix
799 787 975 843 quidem
1017 788 1265 844 potuissent
1316 794 1418 844 apte

52 844 235 902 exprimi
287 850 418 900 atque
466 843 685 887 describi?
753 843 855 887 Huc
901 860 1005 888 vero
1051 844 1248 899 accedit,
1299 844 1417 900 quod

52 902 181 946 etiam
219 901 472 944 universum
522 916 661 959 genus
700 901 875 945 dicendi
924 903 1097 959 Legum
1145 901 1268 944 libris
1317 917 1419 958 pro-

83 959 216 1013 rium3
259 964 416 1014 utpote
457 958 643 1001 subinde
674 960 915 1002 oratorium
945 959 1145 1015 adeoque
1178 959 1415 1016 poeticum,

50 975 136 1059 Eoo
173 1015 349 1059 dicendi
387 1030 547 1072 genere
585 1015 707 1058 nullo
747 1015 878 1059 modo
919 1015 1179 1060 destitutum
1210 1031 1308 1059 esse
1338 1032 1416 1073 po-

51 1073 150 1117 tuit.
209 1073 281 1115 Ex
321 1074 479 1129 quibus
519 1073 720 1116 omnibus
761 1079 880 1116 certe
917 1074 1082 1116 clarum
1121 1073 1204 1116 erit
1236 1089 1287 1117 ac
1319 1089 1418 1130 per-

52 1131 278 1188 spicuum,
328 1145 455 1172 usum
496 1130 719 1173 nominum
768 1131 1090 1174 abstractorum
1139 1146 1238 1173 cum
1287 1147 1417 1188 argu-

53 1193 200 1230 mento
244 1193 288 1229 et
327 1186 510 1229 consilio
551 1187 707 1230 horum
744 1187 956 1230 librorum
1008 1194 1097 1230 tam
1149 1194 1271 1230 arcte
1321 1202 1429 1234 esse,

54 1243 363 1298 coniunctum,
403 1252 453 1285 ut
492 1259 574 1286 nec
615 1244 710 1287 eius
750 1244 1001 1300 frequentia
1031 1259 1294 1300 quemquam
1325 1245 1418 1288 iure

53 1301 210 1344 morari
240 1315 372 1358 posse
402 1300 615 1344 videatur.

167 1359 318 1413 Atque
356 1356 424 1399 his
465 1357 526 1399 ita
555 1356 767 1413 expositis
796 1357 976 1400 tandem
1006 1357 1120 1400 hanc
1150 1364 1318 1414 partem
1352 1357 1418 1400 di-

48 1414 319 1471 sputationis
358 1414 484 1456 finire
514 1414 677 1457 licebit.
739 1414 954 1457 Videmur
985 1415 1098 1457 enim
1129 1414 1214 1456 iam
1243 1415 1418 1457 abunde

53 1472 333 1528 exposuisse,
390 1471 496 1526 quid
546 1471 600 1514 de
639 1487 724 1515 usu
777 1472 1051 1528 singulorum
1090 1472 1325 1514 verborum
1371 1473 1418 1514 in

52 1528 252 1585 Legibus
287 1528 486 1571 Platonis
522 1529 705 1585 eiusque
735 1530 958 1585 probitate
988 1528 1324 1572 existimandum
1354 1530 1418 1571 vi-

54 1585 223 1640 deatur,
256 1585 498 1641 eademque
529 1601 666 1642 opera
695 1587 826 1629 etiam
854 1586 1015 1630 illustri
1034 1586 1185 1642 aliquo
1217 1587 1417 1643 exemplo

55 1642 325 1697 ostendisse,
367 1649 533 1698 quanta
563 1644 766 1687 cautione
798 1659 910 1701 opus
940 1645 1013 1699 sit,
1045 1644 1083 1686 si
1119 1643 1218 1700 quis
1249 1659 1303 1685 ex
1333 1659 1418 1687 usu

54 1699 263 1755 loquendi
302 1699 358 1742 de
396 1700 676 1756 antiquorum
713 1701 977 1758 scriptorum
1023 1701 1112 1745 fide
1155 1707 1201 1744 et
1230 1701 1418 1744 auctori-

50 1763 145 1800 tate
175 1756 383 1800 iudicium
414 1757 559 1801 facere
590 1758 818 1802 sustineat.

357 2119 480 2197 cap.
520 2073 695 2181 xvm.
777 2098 1028 2199 segment.
1055 2083 1141 2183 n.

151 2263 446 2310 Disputatur
477 2265 540 2300 de
573 2265 837 2301 vocabun-
865 2265 1143 2302 coniunctis
1169 2268 1322 2313 atque

478 2322 712 2366 loquendi
738 2322 978 2360 ron-muns.

174 2434 406 2490 Pergimns
453 2434 590 2500 igitur
628 2432 685 2476 ad
720 2435 939 2479 ,vocabula
976 2437 1214 2480 coniuncta
1253 2443 1298 2480 et
1338 2451 1414 2481 na-

61 2495 230 2544 scentes
259 2491 361 2534 inde
384 2491 616 2545 dictiones,
646 2491 692 2532 in
713 2491 873 2547 quibus
903 2493 1163 2538 Zellerus
1192 2495 1301 2537 item
1326 2508 1416 2537 non

55 2551 204 2603 pauca
239 2548 323 2592 sibi
350 2549 480 2592 ‘visus
518 2554 586 2592 est
615 2547 1000 2605 animadvertisse,
1034 2566 1148 2606 quae
1179 2565 1321 2609 genus
1351 2550 1416 2594 lo—

61 2603 226 2659 quendi
264 2605 406 2650 minus
446 2604 724 2650 Platonicum
769 2615 1003 2664 arguerent
1045 2607 1414 2664 ideoquedocn-

61 2666 207 2704 mento
246 2669 414 2718 essent,
455 2663 602 2721 Leges
645 2677 799 2719 parum
845 2665 1136 2709 verisimiliter
1173 2665 1230 2709 ad
1268 2665 1416 2708 Plato-
