1644 2886
172 614 205 653 (Ἰ

248 89 299 128 ffl
726 76 1112 128 PLATONIS

250 203 415 251 ταύτας
449 204 536 244 δεῖν
573 200 639 242 ἀεὶ
678 199 898 249 τοσαύτας
934 200 1043 242 εἶναι
1085 203 1155 242 καὶ
1191 199 1298 252 μήτε
1335 216 1376 241 τι
1416 203 1587 250 πλείους

248 270 482 322 γίγνεσθαι
530 265 640 319 μήτε
676 270 716 308 τί
761 282 866 308 ποτε
915 265 1134 314 ἐλάττους.
1182 259 1255 308 ὧδ’

249 335 452 375 τοιοῦτον
507 333 691 385 βεβαίως
743 337 935 384 γίγνοιτο
977 334 1070 386 περὶ
1117 333 1265 373 πᾶσαν
1312 330 1392 383 τὴν
1438 329 1587 374 πόλιν·

248 398 270 440 ὁ
318 395 462 452 λαχών
504 395 583 439 τὸν
618 398 780 450 κλῆρον
817 399 1105 440 καταλειπέτω
1142 396 1207 438 ἀεὶ
1246 396 1408 448 ταύτης
1431 399 1506 447 τῆς
1528 402 1589 439 οὶ·
1640 398 1644 432 ἓ

248 463 404 514 κήσεως
450 466 526 503 ἕνα
571 462 714 514 μόνον
757 462 1034 516 κληρονόμον
1082 464 1167 503 τῶν
1203 464 1362 506 ἑαυτοῦ
1408 465 1588 518 παίδων,

251 529 302 571 ὃν
337 525 393 570 ἂν
430 527 550 581 αὐτῷ
588 529 779 582 μάλιστα
826 522 850 588 ᾖ
891 531 1046 584 φίλον,
1091 527 1297 582 διάδοχον
1340 531 1411 571 καὶ
1452 522 1644 583 {hya-*³*

252 593 413 645 πευτὴν
460 595 581 636 θεῶν
625 598 695 636 καὶ
732 599 880 647 γένους
915 597 986 636 καὶ
1023 593 1196 642 πόλεως,
1231 596 1317 636 τῶν
1353 612 1396 636 τε
1421 594 1587 647 ζώντων

348 735 385 767 Β.
418 731 481 767 ὧδ’
509 729 584 764 οὖν
613 731 659 764 ἄν
692 733 735 765 τὸ
765 734 979 775 τοιοῦτον]
1015 730 1056 763 ἄν
1091 734 1121 765 in
1155 735 1312 775 exemplo
1341 735 1445 766 Bekk.
1474 728 1588 767 errore

256 779 392 812 excidit.

254 826 407 863 Bekker,
437 833 538 864 quem
565 824 698 864 sequimi
722 829 800 856 sunt
826 825 1032 857 Turn-enses
1067 827 1101 855 et
1125 824 1322 856 Schnvider.
1349 825 1417 857 Sed
1443 825 1487 857 de
1511 826 1588 857 Par.

1310 259 1390 307 οὖν
1433 263 1491 306 ἂν
1536 263 1584 308 τὸ
1620 287 1644 306 ψ

255 874 293 902 Α.
329 870 394 902 alia
426 872 542 901 narrat
569 869 715 901 uastius.
742 869 832 902 Tum
861 869 953 901 Mon.
980 867 1060 899 κατὰ
1088 869 1218 900 λείπετο
1245 874 1278 901 et
1301 870 1458 907 οἰκίσεως.

255 955 512 999 indagandis
543 967 574 998 p.
606 957 650 991 26
676 967 749 998 sqq.
778 963 812 991 et
831 960 895 990 ‘De

256 1004 361 1036 iuris
387 1002 624 1034 domestici
645 1007 683 1034 et
706 1001 891 1036 familia·

256 1049 314 1080 ris
352 1058 411 1089 ap.
442 1047 671 1079 Platonem
710 1058 799 1081 cum
828 1059 893 1080 ve-

258 1094 367 1126 teris
410 1092 633 1124 Graeciae
674 1092 894 1125 institutis

256 1136 579 1179 comparatione
611 1147 643 1177 p.
677 1137 721 1170 22
746 1149 795 1179 sq.
827 1147 893 1179 quo

256 1184 331 1216 loco
361 1183 417 1214 ille
443 1181 542 1213 simul
566 1180 683 1214 docuit
714 1183 890 1215 Platonem

255 1230 356 1269 longe
380 1226 454 1259 aliis
479 1226 605 1258 artibus
633 1237 674 1259 ac
702 1228 827 1261 maiore
842 1228 890 1260 di·

257 1273 397 1314 ligentia
428 1272 459 1303 in
490 1271 616 1304 tuenda
657 1283 697 1304 ac
722 1273 890 1305 servanda

256 1317 537 1360 patrimoniorum
551 1317 680 1350 ratione
688 1327 784 1351 usum
800 1329 890 1358 esse,

256 1364 306 1395 ita
334 1366 371 1394 ut
403 1362 507 1393 multa
543 1361 623 1400 iuris
658 1364 767 1395 Attici
805 1363 891 1396 refe-

258 1411 334 1440 rant
358 1405 625 1440 similitudinem.

304 1473 377 1506 ἕνα
426 1483 448 1513 μ
465 1470 580 1504 όνον
628 1473 893 1517 κληρονόμον

259 1519 339 1551 τῶν
372 1517 534 1550 ἑαυτοῦ
566 1518 747 1562 παίδων]
788 1514 921 1555 Quod'

260 1563 480 1605 philosophus
490 1574 530 1596 ex
541 1565 692 1605 pluribus
700 1565 777 1597 filiis
788 1575 891 1598 unum

260 1613 395 1642 tantum
427 1608 588 1641 heredem
621 1620 639 1642 a
665 1615 763 1652 patre
796 1611 896 1643 scribi

259 1653 366 1694 iubet,
391 1653 425 1685 id
451 1663 517 1685 non
544 1654 651 1688 minus
677 1666 695 1688 a
721 1655 896 1689 Lacedae-

262 1699 474 1739 moniorum,
534 1709 635 1740 quarn
690 1701 896 1742 reliquorum

261 1745 474 1777 Graecorum
520 1745 672 1776 moribus
724 1745 898 1784 recedere,

263 1792 380 1826 monet
413 1789 687 1822 Hermannus
735 1791 790 1824 De
828 1802 895 1823 ve-

262 1835 393 1876 stigg.
426 1838 494 1865 cir.
532 1845 563 1875 p.
595 1834 640 1869 25
671 1846 742 1876 seq.
773 1840 808 1868 et
839 1837 901 1875 De,

263 1880 340 1912 iur.
369 1879 474 1910 dom.
500 1889 534 1920 p.
561 1879 616 1914 23.

313 1947 352 1980 C.
378 1958 459 1978 των
486 1957 523 1978 τε
547 1944 708 1988 ζώντων
734 1948 894 1989 -ἕχῃ.]

264 1996 306 2025 et
340 1993 534 2024 vivorum
569 1992 734 2034 pariter
764 1997 896 2035 atque

265 2047 427 2077 eorum,
458 2038 528 2078 qui
546 2039 624 2070 iam
649 2038 732 2069 vita
750 2048 893 2071 exces-

264 2083 416 2115 serint.
468 2083 519 2115 De
545 2082 673 2115 honore
698 2084 894 2123 parentibus

265 2127 350 2159 vivis
373 2131 479 2168 atque
501 2128 644 2159 mortuis
669 2126 823 2160 habendo
839 2140 897 2161 ex-

266 2172 416 2213 positum
448 2176 501 2203 est
531 2182 633 2213 supra
662 2171 753 2204 Libr.
783 2174 837 2205 lV.
865 2185 896 2216 p.

267 2217 344 2252 717.
373 2217 407 2249 Β.
423 2236 466 2240 -
496 2216 573 2251 718.
590 2221 627 2250 Α.
647 2216 692 2249 lbi
712 2228 743 2258 p.
761 2218 837 2253 717.
859 2219 897 2251 E.

266 2261 310 2295 de
335 2263 494 2295 mortuisx
523 2263 589 2293 τῶν
610 2259 677 2303 ἤδη
694 2262 786 2294 τέλος
805 2262 899 2305 ἐχόν-

267 2318 344 2339 των.
373 2311 409 2340 et
436 2307 506 2339 vll.
533 2318 565 2349 p.
589 2307 669 2341 801.
698 2307 736 2340 E.
776 2305 900 2342 ὁπόσοι

268 2352 360 2384 τέλος
384 2352 491 2393 ἔχοιεν
519 2353 580 2383 τοῦ
594 2352 688 2393 βίου.
718 2353 796 2386 Hoc
823 2357 899 2387 loco

267 2408 308 2431 ea
332 2398 484 2438 loquutio
510 2399 690 2435 paullulum
718 2398 855 2432 inflexa

313 2441 415 2474 τοὺς
439 2440 484 2474 δὲ
510 2439 825 2476 ἅλλουεπαῑδας
841 2445 909 2488 —]

268 2497 321 2521 ex
349 2486 531 2528 reliquis
557 2488 725 2526 liberis,
751 2490 789 2520 ai
811 2492 898 2531 qui—

267 2533 348 2565 bus
373 2534 522 2575 plures
556 2542 638 2565 uuo
665 2538 765 2567 sunt
789 2534 898 2575 filio,

269 2577 388 2610 filias
409 2578 447 2610 in
469 2578 779 2612 matrimonium
803 2580 897 2613 dan-

268 2626 322 2653 to.
342 2622 488 2656 Verbum
500 2621 711 2659 ἐκδίδοσθαι,
726 2629 855 2667 nuptu
867 2637 896 2658 m

961 957 1073 996 dare,
1095 958 1175 991 alibi
1192 959 1300 990 active
1317 963 1510 999 usurpatur,
1534 969 1589 989 ve-

963 1004 1023 1035 luti
1057 1005 1096 1036 V.
1133 1014 1164 1045 p.
1192 1004 1268 1037 742.
1295 1006 1334 1039 C,
1362 1005 1534 1046 γαμοῦντα
1552 1021 1590 1026 -

449 779 532 810 Dein
569 781 645 818 περὶ
669 780 781 810 πᾶσαν
808 778 923 818 πόλιν,
955 780 1082 810 omisso
1107 777 1186 819 τήν,
1215 778 1339 812 Ano.
1373 779 1462 820 qnod
1497 781 1589 813 dedit
1627 773 1633 814 s

959 1049 1012 1079 καὶ
1038 1047 1222 1080 ἐκδίδοντα.
1249 1049 1349 1090 Reip.
1374 1051 1423 1081 Π.
1459 1060 1489 1091 p.
1512 1049 1589 1083 362.
1621 1053 1629 1059 ¹

964 1093 1001 1124 Β.
1033 1092 1203 1125 ἐκδιδόναι
1228 1093 1276 1125 εἰς
1303 1092 1365 1126 οὓς
1393 1091 1434 1126 ἂν
1465 1093 1591 1135 βούλη-

962 1149 1021 1169 ται.
1056 1139 1138 1171 ibid.
1166 1141 1208 1171 X.
1244 1150 1275 1181 p.
1307 1140 1386 1174 613.
1420 1141 1458 1171 D.
1485 1141 1590 1180 Legg.

961 1183 1023 1214 VI.
1053 1194 1084 1225 p.
1110 1184 1187 1219 771.
1211 1185 1252 1216 Ε.
1278 1185 1427 1227 Sopliist.
1455 1195 1488 1227 p.
1513 1184 1589 1219 242.

958 1229 998 1261 D.
1024 1231 1066 1262 al.
1092 1229 1162 1262 Sed
1190 1230 1255 1261 noli
1281 1235 1400 1271 putare
1427 1231 1592 1272 retingen-

958 1275 1037 1305 dum
1065 1284 1143 1306 esse
1169 1273 1352 1307 ἐκδιδόναι.
1387 1275 1471 1308 Nam
1500 1267 1613 1308 verbi'

959 1318 1060 1351 medii
1090 1320 1139 1351 sic
1164 1321 1316 1361 usurpati
1342 1322 1496 1363 exempla
1521 1321 1592 1352 lau-

959 1365 1017 1395 dat
1044 1363 1231 1398 Elmslei.
1267 1365 1309 1397 ad
1337 1365 1432 1398 Med.
1460 1376 1489 1399 v,
1514 1365 1593 1400 303.

958 1410 1119 1442 Ceterum
1152 1410 1355 1450 infinitivus,
1386 1415 1422 1442 ut
1446 1421 1592 1443 sexcen—

959 1455 1034 1494 ties,
1059 1465 1121 1496 pro
1146 1455 1348 1497 imperativo
1373 1456 1506 1497 positus
1531 1460 1593 1493 est.

1010 1541 1197 1588 ἅρῥενάε·
1222 1557 1261 1578 τε
1286 1562 1323 1567 -
1355 1544 1614 1586 διανέμειν].

965 1592 1186 1624 masculos
1223 1596 1423 1631 tanquam
1468 1591 1594 1623 filios

965 1636 1027 1668 eis
1075 1637 1241 1668 civibus
1291 1635 1594 1675 attribuuntm

964 1681 1036 1722 qui
1077 1683 1201 1723 prole
1246 1681 1453 1713 destituti
1494 1681 1594 1719 sint,

964 1726 1195 1759 secundum
1237 1725 1419 1768 gratiam
1459 1731 1501 1758 et
1541 1726 1593 1758 fa-

966 1781 1128 1812 vorem,
1168 1781 1251 1812 quo
1290 1770 1512 1811 fruantur,
1551 1771 1593 1803 id

966 1816 1135 1857 quidem
1180 1816 1378 1855 maxime;
1421 1816 1482 1848 sin
1521 1826 1594 1849 uu-

966 1865 1049 1894 tem
1099 1862 1318 1902 aliquibus
1365 1862 1507 1902 gratia
1555 1865 1627 1903 et,

966 1907 1087 1939 favor
1123 1906 1253 1947 desit,
1298 1910 1368 1938 aut
1405 1907 1438 1937 si
1473 1906 1593 1939 insto

966 1953 1116 1994 plures
1149 1953 1255 1990 nati,
1287 1952 1376 1982 sive
1413 1951 1594 1984 feminei
1623 1963 1630 1967 ·

966 1997 1054 2029 sive
1121 1997 1321 2035 mas'culi,
1376 1996 1593 2036 oriantur,

966 2044 1029 2075 vel
1071 2042 1379 2074 etiamrcontra
1418 2042 1592 2082 paucio-

966 2097 1035 2119 res
1068 2087 1173 2126 sint-,
1213 2085 1466 2118 sterilitate
1499 2083 1607 2127 pro—¹

967 2134 1212 2171 nise-xorta3
1238 2131 1383 2163 horum
1410 2133 1591 2165 omnium

967 2175 1309 2218 magistratus
1361 2176 1417 2215 is,
1468 2187 1591 2218 quem

967 2231 1166 2254 summum
1213 2225 1253 2254 et
1302 2221 1592 2254 honoratissi-

968 2277 1069 2303 mum
1102 2267 1491 2306 constituerimus,
1524 2268 1591 2300 nbi

968 2311 1338 2352 consideraverit,
1387 2312 1482 2352 quid
1531 2313 1592 2344 fa—

966 2357 1162 2390 ciendum
1195 2357 1251 2389 sit
1276 2356 1328 2388 de
1353 2356 1594 2389 redundan-

968 2402 1093 2438 tibus,
1135 2406 1206 2434 aut
1254 2401 1592 2443 deficientibus,

966 2446 1204 2479 remedium
1253 2447 1427 2487 aliquod
1478 2447 1590 2479 inve·

966 2492 1056 2524 nire
1086 2492 1233 2532 debet,
1276 2501 1354 2533 quo
1387 2493 1590 2534 patrimo·

965 2536 1133 2570 niorum
1179 2546 1376 2570 numerus
1424 2547 1592 2579 semper

965 2586 1262 2614 conservetur.
1298 2583 1365 2614 Pro
1391 2579 1446 2619 οἷς,
1468 2579 1510 2614 ἂν
1535 2583 1594 2624 τῆς

965 2626 1128 2667 γενέσεως
1174 2625 1302 2668 ἐλλείπῃ
1350 2625 1395 2660 St
1405 2639 1421 2657 ιδ
1431 2638 1451 2669 p
1462 2626 1480 2660 h
1490 2638 1508 2660 a
1518 2637 1536 2659 n
1547 2637 1568 2659 u
1577 2640 1592 2660 s
1640 2638 1644 2652 ¹
